nohup: 忽略输入
Workerman[wsDemo.php] start in DEBUG mode
------------------------------------- WORKERMAN --------------------------------------
Workerman version:3.5.19          PHP version:7.2.17
-------------------------------------- WORKERS ---------------------------------------
proto   user            worker          listen          processes    status           
tcp     lh              none            none            1             [OK]            
--------------------------------------------------------------------------------------
Press Ctrl+C to stop. Start success.
2019-08-23T02:11:20.442Z TEXT-TO-SIGN:1566526280.443GET/users/self/verify
2019-08-23T02:11:20.443Z {"op":"login","args":["07130c96-269b-4383-83f3-77ce36cca27a","123456",1566526280.4430001,"H7et5v8rTARxLrRwTlTpqIoJq4T+3Q33LSe8HOJAC34="]}
2019-08-23T02:11:20.461Z {"event":"error","message":"Invalid sign","errorCode":30013}
2019-08-23T02:11:20.462Z reconnecting
2019-08-23T02:11:20.469Z TEXT-TO-SIGN:1566526280.469GET/users/self/verify
2019-08-23T02:11:20.469Z {"op":"login","args":["07130c96-269b-4383-83f3-77ce36cca27a","123456",1566526280.4690001,"9kBBpFCsJSf399m8qAINcOC2MWqs\/eIjA6gOXht\/LfE="]}
2019-08-23T02:11:20.482Z {"event":"error","message":"Invalid sign","errorCode":30013}
2019-08-23T02:11:20.483Z reconnecting
2019-08-23T02:11:20.491Z TEXT-TO-SIGN:1566526280.491GET/users/self/verify
2019-08-23T02:11:20.491Z {"op":"login","args":["07130c96-269b-4383-83f3-77ce36cca27a","123456",1566526280.4909999,"3xNabRkdTP0MrfFY8Bt7I+PjA7dcC7JH\/BWCn9WcxAg="]}
2019-08-23T02:11:20.510Z {"event":"error","message":"Invalid sign","errorCode":30013}
2019-08-23T02:11:20.511Z reconnecting
2019-08-23T02:11:20.519Z TEXT-TO-SIGN:1566526280.519GET/users/self/verify
2019-08-23T02:11:20.519Z {"op":"login","args":["07130c96-269b-4383-83f3-77ce36cca27a","123456",1566526280.5190001,"BR10PMptmEeVOFZuwF9er3HZnlE5xdPUf4IqoxG0DzI="]}
2019-08-23T02:11:20.560Z {"event":"error","message":"Invalid sign","errorCode":30013}
2019-08-23T02:11:20.561Z reconnecting
2019-08-23T02:11:20.569Z TEXT-TO-SIGN:1566526280.57GET/users/self/verify
2019-08-23T02:11:20.569Z {"op":"login","args":["07130c96-269b-4383-83f3-77ce36cca27a","123456",1566526280.5699999,"OTXqtloxLMtDlfACo9uWxNZGwWiDh5YBeKkvvAQFllM="]}
2019-08-23T02:11:20.590Z {"event":"error","message":"Invalid sign","errorCode":30013}
2019-08-23T02:11:20.591Z reconnecting
2019-08-23T02:11:20.598Z TEXT-TO-SIGN:1566526280.598GET/users/self/verify
2019-08-23T02:11:20.598Z {"op":"login","args":["07130c96-269b-4383-83f3-77ce36cca27a","123456",1566526280.598,"lfRyXFePz83+Fs6yrRVyQaFRD5olkE43JXsRZmtDJYI="]}
2019-08-23T02:11:20.617Z {"event":"login","success":true}
2019-08-23T02:11:20.617Z {"op":"subscribe","args":"swap/depth:EOS-USD-SWAP"}
2019-08-23T02:11:20.619Z {"event":"subscribe","channel":"swap/depth:EOS-USD-SWAP"}
2019-08-23T02:11:20.619Z {"table":"swap/depth","action":"partial","data":[{"instrument_id":"EOS-USD-SWAP","asks":[["3.646","4710","0","23"],["3.647","6856","0","11"],["3.648","55","0","4"],["3.649","236","0","7"],["3.65","2326","0","7"],["3.651","3494","0","8"],["3.652","3187","0","10"],["3.653","908","0","4"],["3.654","5","0","1"],["3.655","1553","0","5"],["3.656","798","0","3"],["3.657","5311","0","7"],["3.658","1931","0","6"],["3.659","3760","0","3"],["3.66","300","0","1"],["3.661","7","0","2"],["3.662","714","0","2"],["3.663","9470","0","4"],["3.664","10803","0","5"],["3.666","9268","0","4"],["3.668","5","0","1"],["3.669","3837","0","2"],["3.67","660","0","3"],["3.671","700","0","1"],["3.672","8","0","1"],["3.673","68","0","1"],["3.675","1178","0","1"],["3.676","7026","0","2"],["3.677","50","0","1"],["3.678","6000","0","1"],["3.679","7908","0","1"],["3.68","9","0","2"],["3.681","16","0","2"],["3.682","24","0","3"],["3.683","13","0","2"],["3.684","120","0","2"],["3.685","36","0","3"],["3.686","8","0","1"],["3.688","100","0","1"],["3.689","732","0","5"],["3.691","1","0","1"],["3.693","292","0","3"],["3.694","100","0","1"],["3.696","16","0","2"],["3.697","1122","0","4"],["3.698","58","0","2"],["3.699","538","0","3"],["3.7","476","0","6"],["3.704","1000","0","1"],["3.707","1205","0","1"],["3.708","3006","0","3"],["3.709","2626","0","2"],["3.71","6","0","3"],["3.711","265","0","3"],["3.713","60","0","2"],["3.714","9","0","1"],["3.715","42","0","3"],["3.719","2","0","2"],["3.72","39","0","3"],["3.721","4","0","1"],["3.725","265","0","5"],["3.727","220","0","2"],["3.728","15","0","1"],["3.729","1","0","1"],["3.73","255","0","2"],["3.734","3","0","1"],["3.735","600","0","2"],["3.736","3540","0","2"],["3.737","13","0","2"],["3.739","2","0","2"],["3.74","766","0","6"],["3.741","11","0","1"],["3.742","112","0","1"],["3.746","50","0","1"],["3.747","2112","0","4"],["3.748","6","0","1"],["3.749","1168","0","2"],["3.75","2371","0","16"],["3.751","6","0","1"],["3.752","106","0","2"],["3.753","12","0","2"],["3.754","8","0","1"],["3.755","300","0","1"],["3.758","60","0","1"],["3.759","55","0","6"],["3.76","1015","0","4"],["3.761","18","0","3"],["3.762","6","0","1"],["3.763","6137","0","3"],["3.764","12","0","2"],["3.766","23","0","2"],["3.768","759","0","7"],["3.769","1000","0","1"],["3.77","120","0","2"],["3.772","1","0","1"],["3.774","305","0","1"],["3.775","33","0","2"],["3.779","13","0","2"],["3.78","663","0","7"],["3.782","310","0","3"],["3.785","360","0","2"],["3.787","2000","0","1"],["3.788","251","0","3"],["3.789","500","0","1"],["3.79","370","0","4"],["3.793","3","0","1"],["3.794","45","0","2"],["3.795","90","0","2"],["3.798","2358","0","2"],["3.799","147","0","8"],["3.8","1974","0","16"],["3.806","10","0","1"],["3.808","18","0","1"],["3.81","682","0","4"],["3.811","169","0","4"],["3.817","13","0","1"],["3.819","51","0","2"],["3.82","512","0","4"],["3.822","500","0","1"],["3.825","20","0","2"],["3.826","191","0","1"],["3.83","502","0","2"],["3.832","1500","0","1"],["3.835","1","0","1"],["3.836","20","0","1"],["3.838","1","0","1"],["3.839","323","0","4"],["3.84","1","0","1"],["3.845","1922","0","1"],["3.846","125","0","2"],["3.85","1370","0","11"],["3.852","30","0","1"],["3.853","1","0","1"],["3.855","14","0","1"],["3.858","50","0","1"],["3.859","1","0","1"],["3.86","14","0","3"],["3.863","222","0","1"],["3.866","70","0","2"],["3.868","7","0","1"],["3.87","20","0","1"],["3.874","11","0","2"],["3.877","35","0","1"],["3.879","1","0","1"],["3.88","702","0","8"],["3.888","40","0","1"],["3.892","60","0","1"],["3.894","15","0","1"],["3.899","704","0","4"],["3.9","92","0","7"],["3.907","176","0","2"],["3.908","20","0","1"],["3.91","202","0","4"],["3.911","400","0","1"],["3.912","20","0","1"],["3.917","25","0","1"],["3.919","1","0","1"],["3.92","1","0","1"],["3.927","20","0","1"],["3.93","117","0","1"],["3.932","1","0","1"],["3.933","26","0","2"],["3.935","10","0","1"],["3.937","27","0","1"],["3.939","1","0","1"],["3.94","1","0","1"],["3.943","200","0","1"],["3.95","173","0","5"],["3.952","102","0","3"],["3.959","101","0","2"],["3.96","2","0","2"],["3.961","70","0","1"],["3.969","1","0","1"],["3.97","21","0","2"],["3.973","18","0","1"],["3.974","20","0","1"],["3.979","1","0","1"],["3.98","11","0","2"],["3.981","1008","0","3"],["3.988","20","0","1"],["3.99","1","0","1"],["3.991","25","0","1"],["3.995","4799","0","1"],["3.996","1","0","1"],["3.999","12","0","3"],["4","72921","0","15"],["4.003","216","0","2"],["4.005","19","0","2"],["4.008","32","0","1"],["4.009","1","0","1"],["4.013","20","0","1"],["4.018","80","0","1"],["4.019","1","0","1"],["4.02","80","0","3"],["4.022","1800","0","1"],["4.024","50","0","2"],["4.029","1","0","1"],["4.03","100","0","1"],["4.036","60","0","1"],["4.039","1","0","1"]],"bids":[["3.645","5885","0","6"],["3.644","591","0","4"],["3.643","8996","0","7"],["3.642","3222","0","7"],["3.641","426","0","6"],["3.64","123","0","4"],["3.639","3606","0","10"],["3.638","1318","0","7"],["3.637","10901","0","2"],["3.636","330","0","2"],["3.635","903","0","2"],["3.634","893","0","5"],["3.633","343","0","1"],["3.632","1488","0","2"],["3.631","3310","0","7"],["3.63","3149","0","2"],["3.629","13096","0","6"],["3.627","297","0","2"],["3.626","3","0","1"],["3.624","7964","0","2"],["3.623","150","0","1"],["3.622","700","0","2"],["3.621","700","0","1"],["3.62","1","0","1"],["3.615","6000","0","1"],["3.614","6536","0","1"],["3.612","1214","0","5"],["3.61","66","0","1"],["3.609","80","0","1"],["3.606","3788","0","2"],["3.605","3","0","1"],["3.603","801","0","4"],["3.601","500","0","1"],["3.6","5152","0","8"],["3.599","18886","0","1"],["3.597","138","0","3"],["3.596","1179","0","1"],["3.595","2","0","1"],["3.594","2","0","1"],["3.592","2","0","1"],["3.59","52","0","3"],["3.589","4010","0","6"],["3.588","13","0","3"],["3.586","88","0","3"],["3.585","1","0","1"],["3.583","538","0","3"],["3.58","3918","0","7"],["3.579","9","0","3"],["3.578","20","0","1"],["3.577","181","0","2"],["3.576","111","0","3"],["3.575","6","0","2"],["3.573","159","0","4"],["3.572","207","0","4"],["3.571","3","0","1"],["3.57","10","0","1"],["3.569","327","0","3"],["3.567","4","0","2"],["3.566","28","0","2"],["3.563","4","0","2"],["3.562","53","0","3"],["3.56","18","0","2"],["3.558","1","0","1"],["3.557","4","0","1"],["3.556","400","0","1"],["3.555","2354","0","14"],["3.552","600","0","2"],["3.55","2443","0","5"],["3.549","2626","0","2"],["3.548","477","0","2"],["3.54","2","0","2"],["3.535","300","0","1"],["3.533","120","0","2"],["3.531","1","0","1"],["3.53","10","0","1"],["3.526","40","0","2"],["3.525","18","0","1"],["3.523","1","0","1"],["3.521","233","0","2"],["3.52","767","0","5"],["3.519","10","0","1"],["3.515","30","0","1"],["3.513","1","0","1"],["3.512","650","0","2"],["3.511","3520","0","2"],["3.508","100","0","1"],["3.505","411","0","4"],["3.5","601","0","17"],["3.499","15","0","1"],["3.498","145","0","4"],["3.496","61","0","5"],["3.495","61","0","4"],["3.494","30","0","2"],["3.491","199","0","2"],["3.49","250","0","2"],["3.489","30","0","2"],["3.488","62","0","4"],["3.487","16","0","2"],["3.486","300","0","1"],["3.485","252","0","2"],["3.484","2131","0","9"],["3.483","17","0","2"],["3.482","1","0","1"],["3.48","3612","0","5"],["3.477","16","0","2"],["3.476","1685","0","2"],["3.475","16","0","2"],["3.474","35","0","1"],["3.473","6155","0","2"],["3.471","80","0","2"],["3.47","2280","0","5"],["3.469","16712","0","5"],["3.468","5","0","1"],["3.467","15","0","1"],["3.466","4298","0","1"],["3.465","5","0","1"],["3.464","4300","0","2"],["3.46","66","0","3"],["3.459","1","0","1"],["3.458","275","0","2"],["3.456","651","0","4"],["3.455","125","0","3"],["3.453","1","0","1"],["3.451","500","0","1"],["3.45","7771","0","13"],["3.448","1","0","1"],["3.443","20","0","1"],["3.441","1","0","1"],["3.44","193","0","4"],["3.437","3","0","1"],["3.436","2","0","2"],["3.433","1","0","1"],["3.432","1","0","1"],["3.431","1","0","1"],["3.43","1","0","1"],["3.429","2","0","2"],["3.423","1","0","1"],["3.422","1200","0","2"],["3.42","3","0","3"],["3.419","1","0","1"],["3.415","1299","0","2"],["3.414","100","0","1"],["3.412","2534","0","12"],["3.411","50","0","1"],["3.41","11","0","2"],["3.409","300","0","1"],["3.406","80","0","2"],["3.405","2894","0","3"],["3.402","71","0","3"],["3.401","201","0","5"],["3.4","6100","0","25"],["3.398","100","0","1"],["3.397","1","0","1"],["3.395","200","0","1"],["3.393","1521","0","1"],["3.391","67","0","1"],["3.39","26","0","5"],["3.389","10","0","1"],["3.388","2","0","1"],["3.387","30","0","1"],["3.385","373","0","2"],["3.384","460","0","4"],["3.382","10","0","1"],["3.381","169","0","1"],["3.38","1328","0","9"],["3.379","101","0","2"],["3.378","101","0","2"],["3.374","59","0","2"],["3.373","6","0","1"],["3.37","2","0","2"],["3.369","200","0","1"],["3.366","31","0","2"],["3.361","169","0","2"],["3.36","26","0","5"],["3.359","10","0","1"],["3.356","200","0","1"],["3.353","20","0","1"],["3.352","1005","0","1"],["3.351","3","0","3"],["3.35","1534","0","16"],["3.345","101","0","2"],["3.344","192","0","1"],["3.343","1","0","1"],["3.341","554","0","6"],["3.34","22","0","3"],["3.339","7","0","1"],["3.335","514","0","2"],["3.333","914","0","6"],["3.331","3","0","1"],["3.33","74","0","4"],["3.328","1","0","1"],["3.327","200","0","1"],["3.325","1","0","1"],["3.324","200","0","1"],["3.323","1000","0","1"],["3.322","1","0","1"],["3.321","1","0","1"],["3.32","134","0","6"],["3.319","1","0","1"],["3.317","131","0","3"]],"timestamp":"2019-08-23T02:11:20.398Z","checksum":-1063637162}]}
2019-08-23T02:11:20.619Z {"table":"swap/depth","action":"partial","data":[{"instrument_id":"EOS-USD-SWAP","asks":[["3.646","4710","0","23"],["3.647","6856","0","11"],["3.648","55","0","4"],["3.649","236","0","7"],["3.65","2326","0","7"],["3.651","3494","0","8"],["3.652","3187","0","10"],["3.653","908","0","4"],["3.654","5","0","1"],["3.655","1553","0","5"],["3.656","798","0","3"],["3.657","5311","0","7"],["3.658","1931","0","6"],["3.659","3760","0","3"],["3.66","300","0","1"],["3.661","7","0","2"],["3.662","714","0","2"],["3.663","9470","0","4"],["3.664","10803","0","5"],["3.666","9268","0","4"],["3.668","5","0","1"],["3.669","3837","0","2"],["3.67","660","0","3"],["3.671","700","0","1"],["3.672","8","0","1"],["3.673","68","0","1"],["3.675","1178","0","1"],["3.676","7026","0","2"],["3.677","50","0","1"],["3.678","6000","0","1"],["3.679","7908","0","1"],["3.68","9","0","2"],["3.681","16","0","2"],["3.682","24","0","3"],["3.683","13","0","2"],["3.684","120","0","2"],["3.685","36","0","3"],["3.686","8","0","1"],["3.688","100","0","1"],["3.689","732","0","5"],["3.691","1","0","1"],["3.693","292","0","3"],["3.694","100","0","1"],["3.696","16","0","2"],["3.697","1122","0","4"],["3.698","58","0","2"],["3.699","538","0","3"],["3.7","476","0","6"],["3.704","1000","0","1"],["3.707","1205","0","1"],["3.708","3006","0","3"],["3.709","2626","0","2"],["3.71","6","0","3"],["3.711","265","0","3"],["3.713","60","0","2"],["3.714","9","0","1"],["3.715","42","0","3"],["3.719","2","0","2"],["3.72","39","0","3"],["3.721","4","0","1"],["3.725","265","0","5"],["3.727","220","0","2"],["3.728","15","0","1"],["3.729","1","0","1"],["3.73","255","0","2"],["3.734","3","0","1"],["3.735","600","0","2"],["3.736","3540","0","2"],["3.737","13","0","2"],["3.739","2","0","2"],["3.74","766","0","6"],["3.741","11","0","1"],["3.742","112","0","1"],["3.746","50","0","1"],["3.747","2112","0","4"],["3.748","6","0","1"],["3.749","1168","0","2"],["3.75","2371","0","16"],["3.751","6","0","1"],["3.752","106","0","2"],["3.753","12","0","2"],["3.754","8","0","1"],["3.755","300","0","1"],["3.758","60","0","1"],["3.759","55","0","6"],["3.76","1015","0","4"],["3.761","18","0","3"],["3.762","6","0","1"],["3.763","6137","0","3"],["3.764","12","0","2"],["3.766","23","0","2"],["3.768","759","0","7"],["3.769","1000","0","1"],["3.77","120","0","2"],["3.772","1","0","1"],["3.774","305","0","1"],["3.775","33","0","2"],["3.779","13","0","2"],["3.78","663","0","7"],["3.782","310","0","3"],["3.785","360","0","2"],["3.787","2000","0","1"],["3.788","251","0","3"],["3.789","500","0","1"],["3.79","370","0","4"],["3.793","3","0","1"],["3.794","45","0","2"],["3.795","90","0","2"],["3.798","2358","0","2"],["3.799","147","0","8"],["3.8","1974","0","16"],["3.806","10","0","1"],["3.808","18","0","1"],["3.81","682","0","4"],["3.811","169","0","4"],["3.817","13","0","1"],["3.819","51","0","2"],["3.82","512","0","4"],["3.822","500","0","1"],["3.825","20","0","2"],["3.826","191","0","1"],["3.83","502","0","2"],["3.832","1500","0","1"],["3.835","1","0","1"],["3.836","20","0","1"],["3.838","1","0","1"],["3.839","323","0","4"],["3.84","1","0","1"],["3.845","1922","0","1"],["3.846","125","0","2"],["3.85","1370","0","11"],["3.852","30","0","1"],["3.853","1","0","1"],["3.855","14","0","1"],["3.858","50","0","1"],["3.859","1","0","1"],["3.86","14","0","3"],["3.863","222","0","1"],["3.866","70","0","2"],["3.868","7","0","1"],["3.87","20","0","1"],["3.874","11","0","2"],["3.877","35","0","1"],["3.879","1","0","1"],["3.88","702","0","8"],["3.888","40","0","1"],["3.892","60","0","1"],["3.894","15","0","1"],["3.899","704","0","4"],["3.9","92","0","7"],["3.907","176","0","2"],["3.908","20","0","1"],["3.91","202","0","4"],["3.911","400","0","1"],["3.912","20","0","1"],["3.917","25","0","1"],["3.919","1","0","1"],["3.92","1","0","1"],["3.927","20","0","1"],["3.93","117","0","1"],["3.932","1","0","1"],["3.933","26","0","2"],["3.935","10","0","1"],["3.937","27","0","1"],["3.939","1","0","1"],["3.94","1","0","1"],["3.943","200","0","1"],["3.95","173","0","5"],["3.952","102","0","3"],["3.959","101","0","2"],["3.96","2","0","2"],["3.961","70","0","1"],["3.969","1","0","1"],["3.97","21","0","2"],["3.973","18","0","1"],["3.974","20","0","1"],["3.979","1","0","1"],["3.98","11","0","2"],["3.981","1008","0","3"],["3.988","20","0","1"],["3.99","1","0","1"],["3.991","25","0","1"],["3.995","4799","0","1"],["3.996","1","0","1"],["3.999","12","0","3"],["4","72921","0","15"],["4.003","216","0","2"],["4.005","19","0","2"],["4.008","32","0","1"],["4.009","1","0","1"],["4.013","20","0","1"],["4.018","80","0","1"],["4.019","1","0","1"],["4.02","80","0","3"],["4.022","1800","0","1"],["4.024","50","0","2"],["4.029","1","0","1"],["4.03","100","0","1"],["4.036","60","0","1"],["4.039","1","0","1"]],"bids":[["3.645","5885","0","6"],["3.644","591","0","4"],["3.643","8996","0","7"],["3.642","3222","0","7"],["3.641","426","0","6"],["3.64","123","0","4"],["3.639","3606","0","10"],["3.638","1318","0","7"],["3.637","10901","0","2"],["3.636","330","0","2"],["3.635","903","0","2"],["3.634","893","0","5"],["3.633","343","0","1"],["3.632","1488","0","2"],["3.631","3310","0","7"],["3.63","3149","0","2"],["3.629","13096","0","6"],["3.627","297","0","2"],["3.626","3","0","1"],["3.624","7964","0","2"],["3.623","150","0","1"],["3.622","700","0","2"],["3.621","700","0","1"],["3.62","1","0","1"],["3.615","6000","0","1"],["3.614","6536","0","1"],["3.612","1214","0","5"],["3.61","66","0","1"],["3.609","80","0","1"],["3.606","3788","0","2"],["3.605","3","0","1"],["3.603","801","0","4"],["3.601","500","0","1"],["3.6","5152","0","8"],["3.599","18886","0","1"],["3.597","138","0","3"],["3.596","1179","0","1"],["3.595","2","0","1"],["3.594","2","0","1"],["3.592","2","0","1"],["3.59","52","0","3"],["3.589","4010","0","6"],["3.588","13","0","3"],["3.586","88","0","3"],["3.585","1","0","1"],["3.583","538","0","3"],["3.58","3918","0","7"],["3.579","9","0","3"],["3.578","20","0","1"],["3.577","181","0","2"],["3.576","111","0","3"],["3.575","6","0","2"],["3.573","159","0","4"],["3.572","207","0","4"],["3.571","3","0","1"],["3.57","10","0","1"],["3.569","327","0","3"],["3.567","4","0","2"],["3.566","28","0","2"],["3.563","4","0","2"],["3.562","53","0","3"],["3.56","18","0","2"],["3.558","1","0","1"],["3.557","4","0","1"],["3.556","400","0","1"],["3.555","2354","0","14"],["3.552","600","0","2"],["3.55","2443","0","5"],["3.549","2626","0","2"],["3.548","477","0","2"],["3.54","2","0","2"],["3.535","300","0","1"],["3.533","120","0","2"],["3.531","1","0","1"],["3.53","10","0","1"],["3.526","40","0","2"],["3.525","18","0","1"],["3.523","1","0","1"],["3.521","233","0","2"],["3.52","767","0","5"],["3.519","10","0","1"],["3.515","30","0","1"],["3.513","1","0","1"],["3.512","650","0","2"],["3.511","3520","0","2"],["3.508","100","0","1"],["3.505","411","0","4"],["3.5","601","0","17"],["3.499","15","0","1"],["3.498","145","0","4"],["3.496","61","0","5"],["3.495","61","0","4"],["3.494","30","0","2"],["3.491","199","0","2"],["3.49","250","0","2"],["3.489","30","0","2"],["3.488","62","0","4"],["3.487","16","0","2"],["3.486","300","0","1"],["3.485","252","0","2"],["3.484","2131","0","9"],["3.483","17","0","2"],["3.482","1","0","1"],["3.48","3612","0","5"],["3.477","16","0","2"],["3.476","1685","0","2"],["3.475","16","0","2"],["3.474","35","0","1"],["3.473","6155","0","2"],["3.471","80","0","2"],["3.47","2280","0","5"],["3.469","16712","0","5"],["3.468","5","0","1"],["3.467","15","0","1"],["3.466","4298","0","1"],["3.465","5","0","1"],["3.464","4300","0","2"],["3.46","66","0","3"],["3.459","1","0","1"],["3.458","275","0","2"],["3.456","651","0","4"],["3.455","125","0","3"],["3.453","1","0","1"],["3.451","500","0","1"],["3.45","7771","0","13"],["3.448","1","0","1"],["3.443","20","0","1"],["3.441","1","0","1"],["3.44","193","0","4"],["3.437","3","0","1"],["3.436","2","0","2"],["3.433","1","0","1"],["3.432","1","0","1"],["3.431","1","0","1"],["3.43","1","0","1"],["3.429","2","0","2"],["3.423","1","0","1"],["3.422","1200","0","2"],["3.42","3","0","3"],["3.419","1","0","1"],["3.415","1299","0","2"],["3.414","100","0","1"],["3.412","2534","0","12"],["3.411","50","0","1"],["3.41","11","0","2"],["3.409","300","0","1"],["3.406","80","0","2"],["3.405","2894","0","3"],["3.402","71","0","3"],["3.401","201","0","5"],["3.4","6100","0","25"],["3.398","100","0","1"],["3.397","1","0","1"],["3.395","200","0","1"],["3.393","1521","0","1"],["3.391","67","0","1"],["3.39","26","0","5"],["3.389","10","0","1"],["3.388","2","0","1"],["3.387","30","0","1"],["3.385","373","0","2"],["3.384","460","0","4"],["3.382","10","0","1"],["3.381","169","0","1"],["3.38","1328","0","9"],["3.379","101","0","2"],["3.378","101","0","2"],["3.374","59","0","2"],["3.373","6","0","1"],["3.37","2","0","2"],["3.369","200","0","1"],["3.366","31","0","2"],["3.361","169","0","2"],["3.36","26","0","5"],["3.359","10","0","1"],["3.356","200","0","1"],["3.353","20","0","1"],["3.352","1005","0","1"],["3.351","3","0","3"],["3.35","1534","0","16"],["3.345","101","0","2"],["3.344","192","0","1"],["3.343","1","0","1"],["3.341","554","0","6"],["3.34","22","0","3"],["3.339","7","0","1"],["3.335","514","0","2"],["3.333","914","0","6"],["3.331","3","0","1"],["3.33","74","0","4"],["3.328","1","0","1"],["3.327","200","0","1"],["3.325","1","0","1"],["3.324","200","0","1"],["3.323","1000","0","1"],["3.322","1","0","1"],["3.321","1","0","1"],["3.32","134","0","6"],["3.319","1","0","1"],["3.317","131","0","3"]],"timestamp":"2019-08-23T02:11:20.398Z","checksum":-1063637162}]}
2019-08-23T02:11:20.763Z {"table":"swap/depth","action":"update","data":[{"instrument_id":"EOS-USD-SWAP","asks":[["3.646","5170","0","24"],["3.647","6819","0","10"],["3.649","162","0","5"],["3.65","2289","0","6"],["3.651","3464","0","7"],["3.652","3127","0","8"]],"bids":[["3.645","5917","0","10"],["3.643","8922","0","5"],["3.642","3148","0","5"],["3.641","389","0","5"],["3.64","86","0","3"],["3.639","3576","0","9"],["3.638","1288","0","6"]],"timestamp":"2019-08-23T02:11:20.704Z","checksum":69790887}]}
2019-08-23T02:11:20.772Z {"table":"swap/depth","action":"partial","data":[{"instrument_id":"EOS-USD-SWAP","asks":[["3.646","5170","0","23"],["3.647","6819","0","11"],["3.648","55","0","4"],["3.649","162","0","7"],["3.65","2289","0","7"],["3.651","3464","0","8"],["3.652","3127","0","10"],["3.653","908","0","4"],["3.654","5","0","1"],["3.655","1553","0","5"],["3.656","798","0","3"],["3.657","5311","0","7"],["3.658","1931","0","6"],["3.659","3760","0","3"],["3.66","300","0","1"],["3.661","7","0","2"],["3.662","714","0","2"],["3.663","9470","0","4"],["3.664","10803","0","5"],["3.666","9268","0","4"],["3.668","5","0","1"],["3.669","3837","0","2"],["3.67","660","0","3"],["3.671","700","0","1"],["3.672","8","0","1"],["3.673","68","0","1"],["3.675","1178","0","1"],["3.676","7026","0","2"],["3.677","50","0","1"],["3.678","6000","0","1"],["3.679","7908","0","1"],["3.68","9","0","2"],["3.681","16","0","2"],["3.682","24","0","3"],["3.683","13","0","2"],["3.684","120","0","2"],["3.685","36","0","3"],["3.686","8","0","1"],["3.688","100","0","1"],["3.689","732","0","5"],["3.691","1","0","1"],["3.693","292","0","3"],["3.694","100","0","1"],["3.696","16","0","2"],["3.697","1122","0","4"],["3.698","58","0","2"],["3.699","538","0","3"],["3.7","476","0","6"],["3.704","1000","0","1"],["3.707","1205","0","1"],["3.708","3006","0","3"],["3.709","2626","0","2"],["3.71","6","0","3"],["3.711","265","0","3"],["3.713","60","0","2"],["3.714","9","0","1"],["3.715","42","0","3"],["3.719","2","0","2"],["3.72","39","0","3"],["3.721","4","0","1"],["3.725","265","0","5"],["3.727","220","0","2"],["3.728","15","0","1"],["3.729","1","0","1"],["3.73","255","0","2"],["3.734","3","0","1"],["3.735","600","0","2"],["3.736","3540","0","2"],["3.737","13","0","2"],["3.739","2","0","2"],["3.74","766","0","6"],["3.741","11","0","1"],["3.742","112","0","1"],["3.746","50","0","1"],["3.747","2112","0","4"],["3.748","6","0","1"],["3.749","1168","0","2"],["3.75","2371","0","16"],["3.751","6","0","1"],["3.752","106","0","2"],["3.753","12","0","2"],["3.754","8","0","1"],["3.755","300","0","1"],["3.758","60","0","1"],["3.759","55","0","6"],["3.76","1015","0","4"],["3.761","18","0","3"],["3.762","6","0","1"],["3.763","6137","0","3"],["3.764","12","0","2"],["3.766","23","0","2"],["3.768","759","0","7"],["3.769","1000","0","1"],["3.77","120","0","2"],["3.772","1","0","1"],["3.774","305","0","1"],["3.775","33","0","2"],["3.779","13","0","2"],["3.78","663","0","7"],["3.782","310","0","3"],["3.785","360","0","2"],["3.787","2000","0","1"],["3.788","251","0","3"],["3.789","500","0","1"],["3.79","370","0","4"],["3.793","3","0","1"],["3.794","45","0","2"],["3.795","90","0","2"],["3.798","2358","0","2"],["3.799","147","0","8"],["3.8","1974","0","16"],["3.806","10","0","1"],["3.808","18","0","1"],["3.81","682","0","4"],["3.811","169","0","4"],["3.817","13","0","1"],["3.819","51","0","2"],["3.82","512","0","4"],["3.822","500","0","1"],["3.825","20","0","2"],["3.826","191","0","1"],["3.83","502","0","2"],["3.832","1500","0","1"],["3.835","1","0","1"],["3.836","20","0","1"],["3.838","1","0","1"],["3.839","323","0","4"],["3.84","1","0","1"],["3.845","1922","0","1"],["3.846","125","0","2"],["3.85","1370","0","11"],["3.852","30","0","1"],["3.853","1","0","1"],["3.855","14","0","1"],["3.858","50","0","1"],["3.859","1","0","1"],["3.86","14","0","3"],["3.863","222","0","1"],["3.866","70","0","2"],["3.868","7","0","1"],["3.87","20","0","1"],["3.874","11","0","2"],["3.877","35","0","1"],["3.879","1","0","1"],["3.88","702","0","8"],["3.888","40","0","1"],["3.892","60","0","1"],["3.894","15","0","1"],["3.899","704","0","4"],["3.9","92","0","7"],["3.907","176","0","2"],["3.908","20","0","1"],["3.91","202","0","4"],["3.911","400","0","1"],["3.912","20","0","1"],["3.917","25","0","1"],["3.919","1","0","1"],["3.92","1","0","1"],["3.927","20","0","1"],["3.93","117","0","1"],["3.932","1","0","1"],["3.933","26","0","2"],["3.935","10","0","1"],["3.937","27","0","1"],["3.939","1","0","1"],["3.94","1","0","1"],["3.943","200","0","1"],["3.95","173","0","5"],["3.952","102","0","3"],["3.959","101","0","2"],["3.96","2","0","2"],["3.961","70","0","1"],["3.969","1","0","1"],["3.97","21","0","2"],["3.973","18","0","1"],["3.974","20","0","1"],["3.979","1","0","1"],["3.98","11","0","2"],["3.981","1008","0","3"],["3.988","20","0","1"],["3.99","1","0","1"],["3.991","25","0","1"],["3.995","4799","0","1"],["3.996","1","0","1"],["3.999","12","0","3"],["4","72921","0","15"],["4.003","216","0","2"],["4.005","19","0","2"],["4.008","32","0","1"],["4.009","1","0","1"],["4.013","20","0","1"],["4.018","80","0","1"],["4.019","1","0","1"],["4.02","80","0","3"],["4.022","1800","0","1"],["4.024","50","0","2"],["4.029","1","0","1"],["4.03","100","0","1"],["4.036","60","0","1"],["4.039","1","0","1"]],"bids":[["3.645","5917","0","6"],["3.644","591","0","4"],["3.643","8922","0","7"],["3.642","3148","0","7"],["3.641","389","0","6"],["3.64","86","0","4"],["3.639","3576","0","10"],["3.638","1288","0","7"],["3.637","10901","0","2"],["3.636","330","0","2"],["3.635","903","0","2"],["3.634","893","0","5"],["3.633","343","0","1"],["3.632","1488","0","2"],["3.631","3310","0","7"],["3.63","3149","0","2"],["3.629","13096","0","6"],["3.627","297","0","2"],["3.626","3","0","1"],["3.624","7964","0","2"],["3.623","150","0","1"],["3.622","700","0","2"],["3.621","700","0","1"],["3.62","1","0","1"],["3.615","6000","0","1"],["3.614","6536","0","1"],["3.612","1214","0","5"],["3.61","66","0","1"],["3.609","80","0","1"],["3.606","3788","0","2"],["3.605","3","0","1"],["3.603","801","0","4"],["3.601","500","0","1"],["3.6","5152","0","8"],["3.599","18886","0","1"],["3.597","138","0","3"],["3.596","1179","0","1"],["3.595","2","0","1"],["3.594","2","0","1"],["3.592","2","0","1"],["3.59","52","0","3"],["3.589","4010","0","6"],["3.588","13","0","3"],["3.586","88","0","3"],["3.585","1","0","1"],["3.583","538","0","3"],["3.58","3918","0","7"],["3.579","9","0","3"],["3.578","20","0","1"],["3.577","181","0","2"],["3.576","111","0","3"],["3.575","6","0","2"],["3.573","159","0","4"],["3.572","207","0","4"],["3.571","3","0","1"],["3.57","10","0","1"],["3.569","327","0","3"],["3.567","4","0","2"],["3.566","28","0","2"],["3.563","4","0","2"],["3.562","53","0","3"],["3.56","18","0","2"],["3.558","1","0","1"],["3.557","4","0","1"],["3.556","400","0","1"],["3.555","2354","0","14"],["3.552","600","0","2"],["3.55","2443","0","5"],["3.549","2626","0","2"],["3.548","477","0","2"],["3.54","2","0","2"],["3.535","300","0","1"],["3.533","120","0","2"],["3.531","1","0","1"],["3.53","10","0","1"],["3.526","40","0","2"],["3.525","18","0","1"],["3.523","1","0","1"],["3.521","233","0","2"],["3.52","767","0","5"],["3.519","10","0","1"],["3.515","30","0","1"],["3.513","1","0","1"],["3.512","650","0","2"],["3.511","3520","0","2"],["3.508","100","0","1"],["3.505","411","0","4"],["3.5","601","0","17"],["3.499","15","0","1"],["3.498","145","0","4"],["3.496","61","0","5"],["3.495","61","0","4"],["3.494","30","0","2"],["3.491","199","0","2"],["3.49","250","0","2"],["3.489","30","0","2"],["3.488","62","0","4"],["3.487","16","0","2"],["3.486","300","0","1"],["3.485","252","0","2"],["3.484","2131","0","9"],["3.483","17","0","2"],["3.482","1","0","1"],["3.48","3612","0","5"],["3.477","16","0","2"],["3.476","1685","0","2"],["3.475","16","0","2"],["3.474","35","0","1"],["3.473","6155","0","2"],["3.471","80","0","2"],["3.47","2280","0","5"],["3.469","16712","0","5"],["3.468","5","0","1"],["3.467","15","0","1"],["3.466","4298","0","1"],["3.465","5","0","1"],["3.464","4300","0","2"],["3.46","66","0","3"],["3.459","1","0","1"],["3.458","275","0","2"],["3.456","651","0","4"],["3.455","125","0","3"],["3.453","1","0","1"],["3.451","500","0","1"],["3.45","7771","0","13"],["3.448","1","0","1"],["3.443","20","0","1"],["3.441","1","0","1"],["3.44","193","0","4"],["3.437","3","0","1"],["3.436","2","0","2"],["3.433","1","0","1"],["3.432","1","0","1"],["3.431","1","0","1"],["3.43","1","0","1"],["3.429","2","0","2"],["3.423","1","0","1"],["3.422","1200","0","2"],["3.42","3","0","3"],["3.419","1","0","1"],["3.415","1299","0","2"],["3.414","100","0","1"],["3.412","2534","0","12"],["3.411","50","0","1"],["3.41","11","0","2"],["3.409","300","0","1"],["3.406","80","0","2"],["3.405","2894","0","3"],["3.402","71","0","3"],["3.401","201","0","5"],["3.4","6100","0","25"],["3.398","100","0","1"],["3.397","1","0","1"],["3.395","200","0","1"],["3.393","1521","0","1"],["3.391","67","0","1"],["3.39","26","0","5"],["3.389","10","0","1"],["3.388","2","0","1"],["3.387","30","0","1"],["3.385","373","0","2"],["3.384","460","0","4"],["3.382","10","0","1"],["3.381","169","0","1"],["3.38","1328","0","9"],["3.379","101","0","2"],["3.378","101","0","2"],["3.374","59","0","2"],["3.373","6","0","1"],["3.37","2","0","2"],["3.369","200","0","1"],["3.366","31","0","2"],["3.361","169","0","2"],["3.36","26","0","5"],["3.359","10","0","1"],["3.356","200","0","1"],["3.353","20","0","1"],["3.352","1005","0","1"],["3.351","3","0","3"],["3.35","1534","0","16"],["3.345","101","0","2"],["3.344","192","0","1"],["3.343","1","0","1"],["3.341","554","0","6"],["3.34","22","0","3"],["3.339","7","0","1"],["3.335","514","0","2"],["3.333","914","0","6"],["3.331","3","0","1"],["3.33","74","0","4"],["3.328","1","0","1"],["3.327","200","0","1"],["3.325","1","0","1"],["3.324","200","0","1"],["3.323","1000","0","1"],["3.322","1","0","1"],["3.321","1","0","1"],["3.32","134","0","6"],["3.319","1","0","1"],["3.317","131","0","3"]],"timestamp":"2019-08-23T02:11:20.704Z","checksum":69790887}]}
2019-08-23T02:11:21.075Z {"table":"swap/depth","action":"update","data":[{"instrument_id":"EOS-USD-SWAP","asks":[["3.65","2326","0","7"],["3.653","938","0","5"]],"bids":[["3.645","5885","0","6"],["3.643","8996","0","7"],["3.64","123","0","4"]],"timestamp":"2019-08-23T02:11:21.055Z","checksum":1951953167}]}
2019-08-23T02:11:21.079Z {"table":"swap/depth","action":"partial","data":[{"instrument_id":"EOS-USD-SWAP","asks":[["3.646","5170","0","23"],["3.647","6819","0","11"],["3.648","55","0","4"],["3.649","162","0","7"],["3.65","2326","0","7"],["3.651","3464","0","8"],["3.652","3127","0","10"],["3.653","938","0","4"],["3.654","5","0","1"],["3.655","1553","0","5"],["3.656","798","0","3"],["3.657","5311","0","7"],["3.658","1931","0","6"],["3.659","3760","0","3"],["3.66","300","0","1"],["3.661","7","0","2"],["3.662","714","0","2"],["3.663","9470","0","4"],["3.664","10803","0","5"],["3.666","9268","0","4"],["3.668","5","0","1"],["3.669","3837","0","2"],["3.67","660","0","3"],["3.671","700","0","1"],["3.672","8","0","1"],["3.673","68","0","1"],["3.675","1178","0","1"],["3.676","7026","0","2"],["3.677","50","0","1"],["3.678","6000","0","1"],["3.679","7908","0","1"],["3.68","9","0","2"],["3.681","16","0","2"],["3.682","24","0","3"],["3.683","13","0","2"],["3.684","120","0","2"],["3.685","36","0","3"],["3.686","8","0","1"],["3.688","100","0","1"],["3.689","732","0","5"],["3.691","1","0","1"],["3.693","292","0","3"],["3.694","100","0","1"],["3.696","16","0","2"],["3.697","1122","0","4"],["3.698","58","0","2"],["3.699","538","0","3"],["3.7","476","0","6"],["3.704","1000","0","1"],["3.707","1205","0","1"],["3.708","3006","0","3"],["3.709","2626","0","2"],["3.71","6","0","3"],["3.711","265","0","3"],["3.713","60","0","2"],["3.714","9","0","1"],["3.715","42","0","3"],["3.719","2","0","2"],["3.72","39","0","3"],["3.721","4","0","1"],["3.725","265","0","5"],["3.727","220","0","2"],["3.728","15","0","1"],["3.729","1","0","1"],["3.73","255","0","2"],["3.734","3","0","1"],["3.735","600","0","2"],["3.736","3540","0","2"],["3.737","13","0","2"],["3.739","2","0","2"],["3.74","766","0","6"],["3.741","11","0","1"],["3.742","112","0","1"],["3.746","50","0","1"],["3.747","2112","0","4"],["3.748","6","0","1"],["3.749","1168","0","2"],["3.75","2371","0","16"],["3.751","6","0","1"],["3.752","106","0","2"],["3.753","12","0","2"],["3.754","8","0","1"],["3.755","300","0","1"],["3.758","60","0","1"],["3.759","55","0","6"],["3.76","1015","0","4"],["3.761","18","0","3"],["3.762","6","0","1"],["3.763","6137","0","3"],["3.764","12","0","2"],["3.766","23","0","2"],["3.768","759","0","7"],["3.769","1000","0","1"],["3.77","120","0","2"],["3.772","1","0","1"],["3.774","305","0","1"],["3.775","33","0","2"],["3.779","13","0","2"],["3.78","663","0","7"],["3.782","310","0","3"],["3.785","360","0","2"],["3.787","2000","0","1"],["3.788","251","0","3"],["3.789","500","0","1"],["3.79","370","0","4"],["3.793","3","0","1"],["3.794","45","0","2"],["3.795","90","0","2"],["3.798","2358","0","2"],["3.799","147","0","8"],["3.8","1974","0","16"],["3.806","10","0","1"],["3.808","18","0","1"],["3.81","682","0","4"],["3.811","169","0","4"],["3.817","13","0","1"],["3.819","51","0","2"],["3.82","512","0","4"],["3.822","500","0","1"],["3.825","20","0","2"],["3.826","191","0","1"],["3.83","502","0","2"],["3.832","1500","0","1"],["3.835","1","0","1"],["3.836","20","0","1"],["3.838","1","0","1"],["3.839","323","0","4"],["3.84","1","0","1"],["3.845","1922","0","1"],["3.846","125","0","2"],["3.85","1370","0","11"],["3.852","30","0","1"],["3.853","1","0","1"],["3.855","14","0","1"],["3.858","50","0","1"],["3.859","1","0","1"],["3.86","14","0","3"],["3.863","222","0","1"],["3.866","70","0","2"],["3.868","7","0","1"],["3.87","20","0","1"],["3.874","11","0","2"],["3.877","35","0","1"],["3.879","1","0","1"],["3.88","702","0","8"],["3.888","40","0","1"],["3.892","60","0","1"],["3.894","15","0","1"],["3.899","704","0","4"],["3.9","92","0","7"],["3.907","176","0","2"],["3.908","20","0","1"],["3.91","202","0","4"],["3.911","400","0","1"],["3.912","20","0","1"],["3.917","25","0","1"],["3.919","1","0","1"],["3.92","1","0","1"],["3.927","20","0","1"],["3.93","117","0","1"],["3.932","1","0","1"],["3.933","26","0","2"],["3.935","10","0","1"],["3.937","27","0","1"],["3.939","1","0","1"],["3.94","1","0","1"],["3.943","200","0","1"],["3.95","173","0","5"],["3.952","102","0","3"],["3.959","101","0","2"],["3.96","2","0","2"],["3.961","70","0","1"],["3.969","1","0","1"],["3.97","21","0","2"],["3.973","18","0","1"],["3.974","20","0","1"],["3.979","1","0","1"],["3.98","11","0","2"],["3.981","1008","0","3"],["3.988","20","0","1"],["3.99","1","0","1"],["3.991","25","0","1"],["3.995","4799","0","1"],["3.996","1","0","1"],["3.999","12","0","3"],["4","72921","0","15"],["4.003","216","0","2"],["4.005","19","0","2"],["4.008","32","0","1"],["4.009","1","0","1"],["4.013","20","0","1"],["4.018","80","0","1"],["4.019","1","0","1"],["4.02","80","0","3"],["4.022","1800","0","1"],["4.024","50","0","2"],["4.029","1","0","1"],["4.03","100","0","1"],["4.036","60","0","1"],["4.039","1","0","1"]],"bids":[["3.645","5885","0","6"],["3.644","591","0","4"],["3.643","8996","0","7"],["3.642","3148","0","7"],["3.641","389","0","6"],["3.64","123","0","4"],["3.639","3576","0","10"],["3.638","1288","0","7"],["3.637","10901","0","2"],["3.636","330","0","2"],["3.635","903","0","2"],["3.634","893","0","5"],["3.633","343","0","1"],["3.632","1488","0","2"],["3.631","3310","0","7"],["3.63","3149","0","2"],["3.629","13096","0","6"],["3.627","297","0","2"],["3.626","3","0","1"],["3.624","7964","0","2"],["3.623","150","0","1"],["3.622","700","0","2"],["3.621","700","0","1"],["3.62","1","0","1"],["3.615","6000","0","1"],["3.614","6536","0","1"],["3.612","1214","0","5"],["3.61","66","0","1"],["3.609","80","0","1"],["3.606","3788","0","2"],["3.605","3","0","1"],["3.603","801","0","4"],["3.601","500","0","1"],["3.6","5152","0","8"],["3.599","18886","0","1"],["3.597","138","0","3"],["3.596","1179","0","1"],["3.595","2","0","1"],["3.594","2","0","1"],["3.592","2","0","1"],["3.59","52","0","3"],["3.589","4010","0","6"],["3.588","13","0","3"],["3.586","88","0","3"],["3.585","1","0","1"],["3.583","538","0","3"],["3.58","3918","0","7"],["3.579","9","0","3"],["3.578","20","0","1"],["3.577","181","0","2"],["3.576","111","0","3"],["3.575","6","0","2"],["3.573","159","0","4"],["3.572","207","0","4"],["3.571","3","0","1"],["3.57","10","0","1"],["3.569","327","0","3"],["3.567","4","0","2"],["3.566","28","0","2"],["3.563","4","0","2"],["3.562","53","0","3"],["3.56","18","0","2"],["3.558","1","0","1"],["3.557","4","0","1"],["3.556","400","0","1"],["3.555","2354","0","14"],["3.552","600","0","2"],["3.55","2443","0","5"],["3.549","2626","0","2"],["3.548","477","0","2"],["3.54","2","0","2"],["3.535","300","0","1"],["3.533","120","0","2"],["3.531","1","0","1"],["3.53","10","0","1"],["3.526","40","0","2"],["3.525","18","0","1"],["3.523","1","0","1"],["3.521","233","0","2"],["3.52","767","0","5"],["3.519","10","0","1"],["3.515","30","0","1"],["3.513","1","0","1"],["3.512","650","0","2"],["3.511","3520","0","2"],["3.508","100","0","1"],["3.505","411","0","4"],["3.5","601","0","17"],["3.499","15","0","1"],["3.498","145","0","4"],["3.496","61","0","5"],["3.495","61","0","4"],["3.494","30","0","2"],["3.491","199","0","2"],["3.49","250","0","2"],["3.489","30","0","2"],["3.488","62","0","4"],["3.487","16","0","2"],["3.486","300","0","1"],["3.485","252","0","2"],["3.484","2131","0","9"],["3.483","17","0","2"],["3.482","1","0","1"],["3.48","3612","0","5"],["3.477","16","0","2"],["3.476","1685","0","2"],["3.475","16","0","2"],["3.474","35","0","1"],["3.473","6155","0","2"],["3.471","80","0","2"],["3.47","2280","0","5"],["3.469","16712","0","5"],["3.468","5","0","1"],["3.467","15","0","1"],["3.466","4298","0","1"],["3.465","5","0","1"],["3.464","4300","0","2"],["3.46","66","0","3"],["3.459","1","0","1"],["3.458","275","0","2"],["3.456","651","0","4"],["3.455","125","0","3"],["3.453","1","0","1"],["3.451","500","0","1"],["3.45","7771","0","13"],["3.448","1","0","1"],["3.443","20","0","1"],["3.441","1","0","1"],["3.44","193","0","4"],["3.437","3","0","1"],["3.436","2","0","2"],["3.433","1","0","1"],["3.432","1","0","1"],["3.431","1","0","1"],["3.43","1","0","1"],["3.429","2","0","2"],["3.423","1","0","1"],["3.422","1200","0","2"],["3.42","3","0","3"],["3.419","1","0","1"],["3.415","1299","0","2"],["3.414","100","0","1"],["3.412","2534","0","12"],["3.411","50","0","1"],["3.41","11","0","2"],["3.409","300","0","1"],["3.406","80","0","2"],["3.405","2894","0","3"],["3.402","71","0","3"],["3.401","201","0","5"],["3.4","6100","0","25"],["3.398","100","0","1"],["3.397","1","0","1"],["3.395","200","0","1"],["3.393","1521","0","1"],["3.391","67","0","1"],["3.39","26","0","5"],["3.389","10","0","1"],["3.388","2","0","1"],["3.387","30","0","1"],["3.385","373","0","2"],["3.384","460","0","4"],["3.382","10","0","1"],["3.381","169","0","1"],["3.38","1328","0","9"],["3.379","101","0","2"],["3.378","101","0","2"],["3.374","59","0","2"],["3.373","6","0","1"],["3.37","2","0","2"],["3.369","200","0","1"],["3.366","31","0","2"],["3.361","169","0","2"],["3.36","26","0","5"],["3.359","10","0","1"],["3.356","200","0","1"],["3.353","20","0","1"],["3.352","1005","0","1"],["3.351","3","0","3"],["3.35","1534","0","16"],["3.345","101","0","2"],["3.344","192","0","1"],["3.343","1","0","1"],["3.341","554","0","6"],["3.34","22","0","3"],["3.339","7","0","1"],["3.335","514","0","2"],["3.333","914","0","6"],["3.331","3","0","1"],["3.33","74","0","4"],["3.328","1","0","1"],["3.327","200","0","1"],["3.325","1","0","1"],["3.324","200","0","1"],["3.323","1000","0","1"],["3.322","1","0","1"],["3.321","1","0","1"],["3.32","134","0","6"],["3.319","1","0","1"],["3.317","131","0","3"]],"timestamp":"2019-08-23T02:11:21.055Z","checksum":1951953167}]}
2019-08-23T02:11:21.405Z {"table":"swap/depth","action":"update","data":[{"instrument_id":"EOS-USD-SWAP","asks":[["3.649","199","0","6"],["3.652","3187","0","10"],["3.653","908","0","4"]],"bids":[["3.645","4616","0","5"],["3.644","5","0","3"],["3.643","9033","0","8"],["3.642","3185","0","6"],["3.639","3606","0","10"]],"timestamp":"2019-08-23T02:11:21.372Z","checksum":1672341640}]}
2019-08-23T02:11:21.410Z {"table":"swap/depth","action":"partial","data":[{"instrument_id":"EOS-USD-SWAP","asks":[["3.646","5170","0","23"],["3.647","6819","0","11"],["3.648","55","0","4"],["3.649","199","0","7"],["3.65","2326","0","7"],["3.651","3464","0","8"],["3.652","3187","0","10"],["3.653","908","0","4"],["3.654","5","0","1"],["3.655","1553","0","5"],["3.656","798","0","3"],["3.657","5311","0","7"],["3.658","1931","0","6"],["3.659","3760","0","3"],["3.66","300","0","1"],["3.661","7","0","2"],["3.662","714","0","2"],["3.663","9470","0","4"],["3.664","10803","0","5"],["3.666","9268","0","4"],["3.668","5","0","1"],["3.669","3837","0","2"],["3.67","660","0","3"],["3.671","700","0","1"],["3.672","8","0","1"],["3.673","68","0","1"],["3.675","1178","0","1"],["3.676","7026","0","2"],["3.677","50","0","1"],["3.678","6000","0","1"],["3.679","7908","0","1"],["3.68","9","0","2"],["3.681","16","0","2"],["3.682","24","0","3"],["3.683","13","0","2"],["3.684","120","0","2"],["3.685","36","0","3"],["3.686","8","0","1"],["3.688","100","0","1"],["3.689","732","0","5"],["3.691","1","0","1"],["3.693","292","0","3"],["3.694","100","0","1"],["3.696","16","0","2"],["3.697","1122","0","4"],["3.698","58","0","2"],["3.699","538","0","3"],["3.7","476","0","6"],["3.704","1000","0","1"],["3.707","1205","0","1"],["3.708","3006","0","3"],["3.709","2626","0","2"],["3.71","6","0","3"],["3.711","265","0","3"],["3.713","60","0","2"],["3.714","9","0","1"],["3.715","42","0","3"],["3.719","2","0","2"],["3.72","39","0","3"],["3.721","4","0","1"],["3.725","265","0","5"],["3.727","220","0","2"],["3.728","15","0","1"],["3.729","1","0","1"],["3.73","255","0","2"],["3.734","3","0","1"],["3.735","600","0","2"],["3.736","3540","0","2"],["3.737","13","0","2"],["3.739","2","0","2"],["3.74","766","0","6"],["3.741","11","0","1"],["3.742","112","0","1"],["3.746","50","0","1"],["3.747","2112","0","4"],["3.748","6","0","1"],["3.749","1168","0","2"],["3.75","2371","0","16"],["3.751","6","0","1"],["3.752","106","0","2"],["3.753","12","0","2"],["3.754","8","0","1"],["3.755","300","0","1"],["3.758","60","0","1"],["3.759","55","0","6"],["3.76","1015","0","4"],["3.761","18","0","3"],["3.762","6","0","1"],["3.763","6137","0","3"],["3.764","12","0","2"],["3.766","23","0","2"],["3.768","759","0","7"],["3.769","1000","0","1"],["3.77","120","0","2"],["3.772","1","0","1"],["3.774","305","0","1"],["3.775","33","0","2"],["3.779","13","0","2"],["3.78","663","0","7"],["3.782","310","0","3"],["3.785","360","0","2"],["3.787","2000","0","1"],["3.788","251","0","3"],["3.789","500","0","1"],["3.79","370","0","4"],["3.793","3","0","1"],["3.794","45","0","2"],["3.795","90","0","2"],["3.798","2358","0","2"],["3.799","147","0","8"],["3.8","1974","0","16"],["3.806","10","0","1"],["3.808","18","0","1"],["3.81","682","0","4"],["3.811","169","0","4"],["3.817","13","0","1"],["3.819","51","0","2"],["3.82","512","0","4"],["3.822","500","0","1"],["3.825","20","0","2"],["3.826","191","0","1"],["3.83","502","0","2"],["3.832","1500","0","1"],["3.835","1","0","1"],["3.836","20","0","1"],["3.838","1","0","1"],["3.839","323","0","4"],["3.84","1","0","1"],["3.845","1922","0","1"],["3.846","125","0","2"],["3.85","1370","0","11"],["3.852","30","0","1"],["3.853","1","0","1"],["3.855","14","0","1"],["3.858","50","0","1"],["3.859","1","0","1"],["3.86","14","0","3"],["3.863","222","0","1"],["3.866","70","0","2"],["3.868","7","0","1"],["3.87","20","0","1"],["3.874","11","0","2"],["3.877","35","0","1"],["3.879","1","0","1"],["3.88","702","0","8"],["3.888","40","0","1"],["3.892","60","0","1"],["3.894","15","0","1"],["3.899","704","0","4"],["3.9","92","0","7"],["3.907","176","0","2"],["3.908","20","0","1"],["3.91","202","0","4"],["3.911","400","0","1"],["3.912","20","0","1"],["3.917","25","0","1"],["3.919","1","0","1"],["3.92","1","0","1"],["3.927","20","0","1"],["3.93","117","0","1"],["3.932","1","0","1"],["3.933","26","0","2"],["3.935","10","0","1"],["3.937","27","0","1"],["3.939","1","0","1"],["3.94","1","0","1"],["3.943","200","0","1"],["3.95","173","0","5"],["3.952","102","0","3"],["3.959","101","0","2"],["3.96","2","0","2"],["3.961","70","0","1"],["3.969","1","0","1"],["3.97","21","0","2"],["3.973","18","0","1"],["3.974","20","0","1"],["3.979","1","0","1"],["3.98","11","0","2"],["3.981","1008","0","3"],["3.988","20","0","1"],["3.99","1","0","1"],["3.991","25","0","1"],["3.995","4799","0","1"],["3.996","1","0","1"],["3.999","12","0","3"],["4","72921","0","15"],["4.003","216","0","2"],["4.005","19","0","2"],["4.008","32","0","1"],["4.009","1","0","1"],["4.013","20","0","1"],["4.018","80","0","1"],["4.019","1","0","1"],["4.02","80","0","3"],["4.022","1800","0","1"],["4.024","50","0","2"],["4.029","1","0","1"],["4.03","100","0","1"],["4.036","60","0","1"],["4.039","1","0","1"]],"bids":[["3.645","4616","0","6"],["3.644","5","0","4"],["3.643","9033","0","7"],["3.642","3185","0","7"],["3.641","389","0","6"],["3.64","123","0","4"],["3.639","3606","0","10"],["3.638","1288","0","7"],["3.637","10901","0","2"],["3.636","330","0","2"],["3.635","903","0","2"],["3.634","893","0","5"],["3.633","343","0","1"],["3.632","1488","0","2"],["3.631","3310","0","7"],["3.63","3149","0","2"],["3.629","13096","0","6"],["3.627","297","0","2"],["3.626","3","0","1"],["3.624","7964","0","2"],["3.623","150","0","1"],["3.622","700","0","2"],["3.621","700","0","1"],["3.62","1","0","1"],["3.615","6000","0","1"],["3.614","6536","0","1"],["3.612","1214","0","5"],["3.61","66","0","1"],["3.609","80","0","1"],["3.606","3788","0","2"],["3.605","3","0","1"],["3.603","801","0","4"],["3.601","500","0","1"],["3.6","5152","0","8"],["3.599","18886","0","1"],["3.597","138","0","3"],["3.596","1179","0","1"],["3.595","2","0","1"],["3.594","2","0","1"],["3.592","2","0","1"],["3.59","52","0","3"],["3.589","4010","0","6"],["3.588","13","0","3"],["3.586","88","0","3"],["3.585","1","0","1"],["3.583","538","0","3"],["3.58","3918","0","7"],["3.579","9","0","3"],["3.578","20","0","1"],["3.577","181","0","2"],["3.576","111","0","3"],["3.575","6","0","2"],["3.573","159","0","4"],["3.572","207","0","4"],["3.571","3","0","1"],["3.57","10","0","1"],["3.569","327","0","3"],["3.567","4","0","2"],["3.566","28","0","2"],["3.563","4","0","2"],["3.562","53","0","3"],["3.56","18","0","2"],["3.558","1","0","1"],["3.557","4","0","1"],["3.556","400","0","1"],["3.555","2354","0","14"],["3.552","600","0","2"],["3.55","2443","0","5"],["3.549","2626","0","2"],["3.548","477","0","2"],["3.54","2","0","2"],["3.535","300","0","1"],["3.533","120","0","2"],["3.531","1","0","1"],["3.53","10","0","1"],["3.526","40","0","2"],["3.525","18","0","1"],["3.523","1","0","1"],["3.521","233","0","2"],["3.52","767","0","5"],["3.519","10","0","1"],["3.515","30","0","1"],["3.513","1","0","1"],["3.512","650","0","2"],["3.511","3520","0","2"],["3.508","100","0","1"],["3.505","411","0","4"],["3.5","601","0","17"],["3.499","15","0","1"],["3.498","145","0","4"],["3.496","61","0","5"],["3.495","61","0","4"],["3.494","30","0","2"],["3.491","199","0","2"],["3.49","250","0","2"],["3.489","30","0","2"],["3.488","62","0","4"],["3.487","16","0","2"],["3.486","300","0","1"],["3.485","252","0","2"],["3.484","2131","0","9"],["3.483","17","0","2"],["3.482","1","0","1"],["3.48","3612","0","5"],["3.477","16","0","2"],["3.476","1685","0","2"],["3.475","16","0","2"],["3.474","35","0","1"],["3.473","6155","0","2"],["3.471","80","0","2"],["3.47","2280","0","5"],["3.469","16712","0","5"],["3.468","5","0","1"],["3.467","15","0","1"],["3.466","4298","0","1"],["3.465","5","0","1"],["3.464","4300","0","2"],["3.46","66","0","3"],["3.459","1","0","1"],["3.458","275","0","2"],["3.456","651","0","4"],["3.455","125","0","3"],["3.453","1","0","1"],["3.451","500","0","1"],["3.45","7771","0","13"],["3.448","1","0","1"],["3.443","20","0","1"],["3.441","1","0","1"],["3.44","193","0","4"],["3.437","3","0","1"],["3.436","2","0","2"],["3.433","1","0","1"],["3.432","1","0","1"],["3.431","1","0","1"],["3.43","1","0","1"],["3.429","2","0","2"],["3.423","1","0","1"],["3.422","1200","0","2"],["3.42","3","0","3"],["3.419","1","0","1"],["3.415","1299","0","2"],["3.414","100","0","1"],["3.412","2534","0","12"],["3.411","50","0","1"],["3.41","11","0","2"],["3.409","300","0","1"],["3.406","80","0","2"],["3.405","2894","0","3"],["3.402","71","0","3"],["3.401","201","0","5"],["3.4","6100","0","25"],["3.398","100","0","1"],["3.397","1","0","1"],["3.395","200","0","1"],["3.393","1521","0","1"],["3.391","67","0","1"],["3.39","26","0","5"],["3.389","10","0","1"],["3.388","2","0","1"],["3.387","30","0","1"],["3.385","373","0","2"],["3.384","460","0","4"],["3.382","10","0","1"],["3.381","169","0","1"],["3.38","1328","0","9"],["3.379","101","0","2"],["3.378","101","0","2"],["3.374","59","0","2"],["3.373","6","0","1"],["3.37","2","0","2"],["3.369","200","0","1"],["3.366","31","0","2"],["3.361","169","0","2"],["3.36","26","0","5"],["3.359","10","0","1"],["3.356","200","0","1"],["3.353","20","0","1"],["3.352","1005","0","1"],["3.351","3","0","3"],["3.35","1534","0","16"],["3.345","101","0","2"],["3.344","192","0","1"],["3.343","1","0","1"],["3.341","554","0","6"],["3.34","22","0","3"],["3.339","7","0","1"],["3.335","514","0","2"],["3.333","914","0","6"],["3.331","3","0","1"],["3.33","74","0","4"],["3.328","1","0","1"],["3.327","200","0","1"],["3.325","1","0","1"],["3.324","200","0","1"],["3.323","1000","0","1"],["3.322","1","0","1"],["3.321","1","0","1"],["3.32","134","0","6"],["3.319","1","0","1"],["3.317","131","0","3"]],"timestamp":"2019-08-23T02:11:21.372Z","checksum":1672341640}]}
2019-08-23T02:11:21.983Z {"table":"swap/depth","action":"update","data":[{"instrument_id":"EOS-USD-SWAP","asks":[["3.646","6620","0","25"],["3.648","92","0","5"],["3.649","236","0","7"],["3.651","3524","0","9"],["3.652","3157","0","9"]],"bids":[["3.644","591","0","4"],["3.642","3148","0","5"],["3.641","463","0","7"],["3.64","53","0","3"],["3.639","3636","0","11"],["3.638","1358","0","7"]],"timestamp":"2019-08-23T02:11:21.663Z","checksum":881518020}]}
2019-08-23T02:11:21.992Z {"table":"swap/depth","action":"partial","data":[{"instrument_id":"EOS-USD-SWAP","asks":[["3.646","6620","0","23"],["3.647","6819","0","11"],["3.648","92","0","4"],["3.649","236","0","7"],["3.65","2326","0","7"],["3.651","3524","0","8"],["3.652","3157","0","10"],["3.653","908","0","4"],["3.654","5","0","1"],["3.655","1553","0","5"],["3.656","798","0","3"],["3.657","5311","0","7"],["3.658","1931","0","6"],["3.659","3760","0","3"],["3.66","300","0","1"],["3.661","7","0","2"],["3.662","714","0","2"],["3.663","9470","0","4"],["3.664","10803","0","5"],["3.666","9268","0","4"],["3.668","5","0","1"],["3.669","3837","0","2"],["3.67","660","0","3"],["3.671","700","0","1"],["3.672","8","0","1"],["3.673","68","0","1"],["3.675","1178","0","1"],["3.676","7026","0","2"],["3.677","50","0","1"],["3.678","6000","0","1"],["3.679","7908","0","1"],["3.68","9","0","2"],["3.681","16","0","2"],["3.682","24","0","3"],["3.683","13","0","2"],["3.684","120","0","2"],["3.685","36","0","3"],["3.686","8","0","1"],["3.688","100","0","1"],["3.689","732","0","5"],["3.691","1","0","1"],["3.693","292","0","3"],["3.694","100","0","1"],["3.696","16","0","2"],["3.697","1122","0","4"],["3.698","58","0","2"],["3.699","538","0","3"],["3.7","476","0","6"],["3.704","1000","0","1"],["3.707","1205","0","1"],["3.708","3006","0","3"],["3.709","2626","0","2"],["3.71","6","0","3"],["3.711","265","0","3"],["3.713","60","0","2"],["3.714","9","0","1"],["3.715","42","0","3"],["3.719","2","0","2"],["3.72","39","0","3"],["3.721","4","0","1"],["3.725","265","0","5"],["3.727","220","0","2"],["3.728","15","0","1"],["3.729","1","0","1"],["3.73","255","0","2"],["3.734","3","0","1"],["3.735","600","0","2"],["3.736","3540","0","2"],["3.737","13","0","2"],["3.739","2","0","2"],["3.74","766","0","6"],["3.741","11","0","1"],["3.742","112","0","1"],["3.746","50","0","1"],["3.747","2112","0","4"],["3.748","6","0","1"],["3.749","1168","0","2"],["3.75","2371","0","16"],["3.751","6","0","1"],["3.752","106","0","2"],["3.753","12","0","2"],["3.754","8","0","1"],["3.755","300","0","1"],["3.758","60","0","1"],["3.759","55","0","6"],["3.76","1015","0","4"],["3.761","18","0","3"],["3.762","6","0","1"],["3.763","6137","0","3"],["3.764","12","0","2"],["3.766","23","0","2"],["3.768","759","0","7"],["3.769","1000","0","1"],["3.77","120","0","2"],["3.772","1","0","1"],["3.774","305","0","1"],["3.775","33","0","2"],["3.779","13","0","2"],["3.78","663","0","7"],["3.782","310","0","3"],["3.785","360","0","2"],["3.787","2000","0","1"],["3.788","251","0","3"],["3.789","500","0","1"],["3.79","370","0","4"],["3.793","3","0","1"],["3.794","45","0","2"],["3.795","90","0","2"],["3.798","2358","0","2"],["3.799","147","0","8"],["3.8","1974","0","16"],["3.806","10","0","1"],["3.808","18","0","1"],["3.81","682","0","4"],["3.811","169","0","4"],["3.817","13","0","1"],["3.819","51","0","2"],["3.82","512","0","4"],["3.822","500","0","1"],["3.825","20","0","2"],["3.826","191","0","1"],["3.83","502","0","2"],["3.832","1500","0","1"],["3.835","1","0","1"],["3.836","20","0","1"],["3.838","1","0","1"],["3.839","323","0","4"],["3.84","1","0","1"],["3.845","1922","0","1"],["3.846","125","0","2"],["3.85","1370","0","11"],["3.852","30","0","1"],["3.853","1","0","1"],["3.855","14","0","1"],["3.858","50","0","1"],["3.859","1","0","1"],["3.86","14","0","3"],["3.863","222","0","1"],["3.866","70","0","2"],["3.868","7","0","1"],["3.87","20","0","1"],["3.874","11","0","2"],["3.877","35","0","1"],["3.879","1","0","1"],["3.88","702","0","8"],["3.888","40","0","1"],["3.892","60","0","1"],["3.894","15","0","1"],["3.899","704","0","4"],["3.9","92","0","7"],["3.907","176","0","2"],["3.908","20","0","1"],["3.91","202","0","4"],["3.911","400","0","1"],["3.912","20","0","1"],["3.917","25","0","1"],["3.919","1","0","1"],["3.92","1","0","1"],["3.927","20","0","1"],["3.93","117","0","1"],["3.932","1","0","1"],["3.933","26","0","2"],["3.935","10","0","1"],["3.937","27","0","1"],["3.939","1","0","1"],["3.94","1","0","1"],["3.943","200","0","1"],["3.95","173","0","5"],["3.952","102","0","3"],["3.959","101","0","2"],["3.96","2","0","2"],["3.961","70","0","1"],["3.969","1","0","1"],["3.97","21","0","2"],["3.973","18","0","1"],["3.974","20","0","1"],["3.979","1","0","1"],["3.98","11","0","2"],["3.981","1008","0","3"],["3.988","20","0","1"],["3.99","1","0","1"],["3.991","25","0","1"],["3.995","4799","0","1"],["3.996","1","0","1"],["3.999","12","0","3"],["4","72921","0","15"],["4.003","216","0","2"],["4.005","19","0","2"],["4.008","32","0","1"],["4.009","1","0","1"],["4.013","20","0","1"],["4.018","80","0","1"],["4.019","1","0","1"],["4.02","80","0","3"],["4.022","1800","0","1"],["4.024","50","0","2"],["4.029","1","0","1"],["4.03","100","0","1"],["4.036","60","0","1"],["4.039","1","0","1"]],"bids":[["3.645","4616","0","6"],["3.644","591","0","4"],["3.643","9033","0","7"],["3.642","3148","0","7"],["3.641","463","0","6"],["3.64","53","0","4"],["3.639","3636","0","10"],["3.638","1358","0","7"],["3.637","10901","0","2"],["3.636","330","0","2"],["3.635","903","0","2"],["3.634","893","0","5"],["3.633","343","0","1"],["3.632","1488","0","2"],["3.631","3310","0","7"],["3.63","3149","0","2"],["3.629","13096","0","6"],["3.627","297","0","2"],["3.626","3","0","1"],["3.624","7964","0","2"],["3.623","150","0","1"],["3.622","700","0","2"],["3.621","700","0","1"],["3.62","1","0","1"],["3.615","6000","0","1"],["3.614","6536","0","1"],["3.612","1214","0","5"],["3.61","66","0","1"],["3.609","80","0","1"],["3.606","3788","0","2"],["3.605","3","0","1"],["3.603","801","0","4"],["3.601","500","0","1"],["3.6","5152","0","8"],["3.599","18886","0","1"],["3.597","138","0","3"],["3.596","1179","0","1"],["3.595","2","0","1"],["3.594","2","0","1"],["3.592","2","0","1"],["3.59","52","0","3"],["3.589","4010","0","6"],["3.588","13","0","3"],["3.586","88","0","3"],["3.585","1","0","1"],["3.583","538","0","3"],["3.58","3918","0","7"],["3.579","9","0","3"],["3.578","20","0","1"],["3.577","181","0","2"],["3.576","111","0","3"],["3.575","6","0","2"],["3.573","159","0","4"],["3.572","207","0","4"],["3.571","3","0","1"],["3.57","10","0","1"],["3.569","327","0","3"],["3.567","4","0","2"],["3.566","28","0","2"],["3.563","4","0","2"],["3.562","53","0","3"],["3.56","18","0","2"],["3.558","1","0","1"],["3.557","4","0","1"],["3.556","400","0","1"],["3.555","2354","0","14"],["3.552","600","0","2"],["3.55","2443","0","5"],["3.549","2626","0","2"],["3.548","477","0","2"],["3.54","2","0","2"],["3.535","300","0","1"],["3.533","120","0","2"],["3.531","1","0","1"],["3.53","10","0","1"],["3.526","40","0","2"],["3.525","18","0","1"],["3.523","1","0","1"],["3.521","233","0","2"],["3.52","767","0","5"],["3.519","10","0","1"],["3.515","30","0","1"],["3.513","1","0","1"],["3.512","650","0","2"],["3.511","3520","0","2"],["3.508","100","0","1"],["3.505","411","0","4"],["3.5","601","0","17"],["3.499","15","0","1"],["3.498","145","0","4"],["3.496","61","0","5"],["3.495","61","0","4"],["3.494","30","0","2"],["3.491","199","0","2"],["3.49","250","0","2"],["3.489","30","0","2"],["3.488","62","0","4"],["3.487","16","0","2"],["3.486","300","0","1"],["3.485","252","0","2"],["3.484","2131","0","9"],["3.483","17","0","2"],["3.482","1","0","1"],["3.48","3612","0","5"],["3.477","16","0","2"],["3.476","1685","0","2"],["3.475","16","0","2"],["3.474","35","0","1"],["3.473","6155","0","2"],["3.471","80","0","2"],["3.47","2280","0","5"],["3.469","16712","0","5"],["3.468","5","0","1"],["3.467","15","0","1"],["3.466","4298","0","1"],["3.465","5","0","1"],["3.464","4300","0","2"],["3.46","66","0","3"],["3.459","1","0","1"],["3.458","275","0","2"],["3.456","651","0","4"],["3.455","125","0","3"],["3.453","1","0","1"],["3.451","500","0","1"],["3.45","7771","0","13"],["3.448","1","0","1"],["3.443","20","0","1"],["3.441","1","0","1"],["3.44","193","0","4"],["3.437","3","0","1"],["3.436","2","0","2"],["3.433","1","0","1"],["3.432","1","0","1"],["3.431","1","0","1"],["3.43","1","0","1"],["3.429","2","0","2"],["3.423","1","0","1"],["3.422","1200","0","2"],["3.42","3","0","3"],["3.419","1","0","1"],["3.415","1299","0","2"],["3.414","100","0","1"],["3.412","2534","0","12"],["3.411","50","0","1"],["3.41","11","0","2"],["3.409","300","0","1"],["3.406","80","0","2"],["3.405","2894","0","3"],["3.402","71","0","3"],["3.401","201","0","5"],["3.4","6100","0","25"],["3.398","100","0","1"],["3.397","1","0","1"],["3.395","200","0","1"],["3.393","1521","0","1"],["3.391","67","0","1"],["3.39","26","0","5"],["3.389","10","0","1"],["3.388","2","0","1"],["3.387","30","0","1"],["3.385","373","0","2"],["3.384","460","0","4"],["3.382","10","0","1"],["3.381","169","0","1"],["3.38","1328","0","9"],["3.379","101","0","2"],["3.378","101","0","2"],["3.374","59","0","2"],["3.373","6","0","1"],["3.37","2","0","2"],["3.369","200","0","1"],["3.366","31","0","2"],["3.361","169","0","2"],["3.36","26","0","5"],["3.359","10","0","1"],["3.356","200","0","1"],["3.353","20","0","1"],["3.352","1005","0","1"],["3.351","3","0","3"],["3.35","1534","0","16"],["3.345","101","0","2"],["3.344","192","0","1"],["3.343","1","0","1"],["3.341","554","0","6"],["3.34","22","0","3"],["3.339","7","0","1"],["3.335","514","0","2"],["3.333","914","0","6"],["3.331","3","0","1"],["3.33","74","0","4"],["3.328","1","0","1"],["3.327","200","0","1"],["3.325","1","0","1"],["3.324","200","0","1"],["3.323","1000","0","1"],["3.322","1","0","1"],["3.321","1","0","1"],["3.32","134","0","6"],["3.319","1","0","1"],["3.317","131","0","3"]],"timestamp":"2019-08-23T02:11:21.663Z","checksum":881518020}]}
2019-08-23T02:11:22.337Z {"table":"swap/depth","action":"update","data":[{"instrument_id":"EOS-USD-SWAP","asks":[["3.646","6728","0","26"],["3.647","6781","0","9"],["3.652","2844","0","8"]],"bids":[["3.645","5885","0","6"],["3.636","410","0","3"]],"timestamp":"2019-08-23T02:11:22.033Z","checksum":520144209}]}
2019-08-23T02:11:22.340Z {"table":"swap/depth","action":"partial","data":[{"instrument_id":"EOS-USD-SWAP","asks":[["3.646","6728","0","23"],["3.647","6781","0","11"],["3.648","92","0","4"],["3.649","236","0","7"],["3.65","2326","0","7"],["3.651","3524","0","8"],["3.652","2844","0","10"],["3.653","908","0","4"],["3.654","5","0","1"],["3.655","1553","0","5"],["3.656","798","0","3"],["3.657","5311","0","7"],["3.658","1931","0","6"],["3.659","3760","0","3"],["3.66","300","0","1"],["3.661","7","0","2"],["3.662","714","0","2"],["3.663","9470","0","4"],["3.664","10803","0","5"],["3.666","9268","0","4"],["3.668","5","0","1"],["3.669","3837","0","2"],["3.67","660","0","3"],["3.671","700","0","1"],["3.672","8","0","1"],["3.673","68","0","1"],["3.675","1178","0","1"],["3.676","7026","0","2"],["3.677","50","0","1"],["3.678","6000","0","1"],["3.679","7908","0","1"],["3.68","9","0","2"],["3.681","16","0","2"],["3.682","24","0","3"],["3.683","13","0","2"],["3.684","120","0","2"],["3.685","36","0","3"],["3.686","8","0","1"],["3.688","100","0","1"],["3.689","732","0","5"],["3.691","1","0","1"],["3.693","292","0","3"],["3.694","100","0","1"],["3.696","16","0","2"],["3.697","1122","0","4"],["3.698","58","0","2"],["3.699","538","0","3"],["3.7","476","0","6"],["3.704","1000","0","1"],["3.707","1205","0","1"],["3.708","3006","0","3"],["3.709","2626","0","2"],["3.71","6","0","3"],["3.711","265","0","3"],["3.713","60","0","2"],["3.714","9","0","1"],["3.715","42","0","3"],["3.719","2","0","2"],["3.72","39","0","3"],["3.721","4","0","1"],["3.725","265","0","5"],["3.727","220","0","2"],["3.728","15","0","1"],["3.729","1","0","1"],["3.73","255","0","2"],["3.734","3","0","1"],["3.735","600","0","2"],["3.736","3540","0","2"],["3.737","13","0","2"],["3.739","2","0","2"],["3.74","766","0","6"],["3.741","11","0","1"],["3.742","112","0","1"],["3.746","50","0","1"],["3.747","2112","0","4"],["3.748","6","0","1"],["3.749","1168","0","2"],["3.75","2371","0","16"],["3.751","6","0","1"],["3.752","106","0","2"],["3.753","12","0","2"],["3.754","8","0","1"],["3.755","300","0","1"],["3.758","60","0","1"],["3.759","55","0","6"],["3.76","1015","0","4"],["3.761","18","0","3"],["3.762","6","0","1"],["3.763","6137","0","3"],["3.764","12","0","2"],["3.766","23","0","2"],["3.768","759","0","7"],["3.769","1000","0","1"],["3.77","120","0","2"],["3.772","1","0","1"],["3.774","305","0","1"],["3.775","33","0","2"],["3.779","13","0","2"],["3.78","663","0","7"],["3.782","310","0","3"],["3.785","360","0","2"],["3.787","2000","0","1"],["3.788","251","0","3"],["3.789","500","0","1"],["3.79","370","0","4"],["3.793","3","0","1"],["3.794","45","0","2"],["3.795","90","0","2"],["3.798","2358","0","2"],["3.799","147","0","8"],["3.8","1974","0","16"],["3.806","10","0","1"],["3.808","18","0","1"],["3.81","682","0","4"],["3.811","169","0","4"],["3.817","13","0","1"],["3.819","51","0","2"],["3.82","512","0","4"],["3.822","500","0","1"],["3.825","20","0","2"],["3.826","191","0","1"],["3.83","502","0","2"],["3.832","1500","0","1"],["3.835","1","0","1"],["3.836","20","0","1"],["3.838","1","0","1"],["3.839","323","0","4"],["3.84","1","0","1"],["3.845","1922","0","1"],["3.846","125","0","2"],["3.85","1370","0","11"],["3.852","30","0","1"],["3.853","1","0","1"],["3.855","14","0","1"],["3.858","50","0","1"],["3.859","1","0","1"],["3.86","14","0","3"],["3.863","222","0","1"],["3.866","70","0","2"],["3.868","7","0","1"],["3.87","20","0","1"],["3.874","11","0","2"],["3.877","35","0","1"],["3.879","1","0","1"],["3.88","702","0","8"],["3.888","40","0","1"],["3.892","60","0","1"],["3.894","15","0","1"],["3.899","704","0","4"],["3.9","92","0","7"],["3.907","176","0","2"],["3.908","20","0","1"],["3.91","202","0","4"],["3.911","400","0","1"],["3.912","20","0","1"],["3.917","25","0","1"],["3.919","1","0","1"],["3.92","1","0","1"],["3.927","20","0","1"],["3.93","117","0","1"],["3.932","1","0","1"],["3.933","26","0","2"],["3.935","10","0","1"],["3.937","27","0","1"],["3.939","1","0","1"],["3.94","1","0","1"],["3.943","200","0","1"],["3.95","173","0","5"],["3.952","102","0","3"],["3.959","101","0","2"],["3.96","2","0","2"],["3.961","70","0","1"],["3.969","1","0","1"],["3.97","21","0","2"],["3.973","18","0","1"],["3.974","20","0","1"],["3.979","1","0","1"],["3.98","11","0","2"],["3.981","1008","0","3"],["3.988","20","0","1"],["3.99","1","0","1"],["3.991","25","0","1"],["3.995","4799","0","1"],["3.996","1","0","1"],["3.999","12","0","3"],["4","72921","0","15"],["4.003","216","0","2"],["4.005","19","0","2"],["4.008","32","0","1"],["4.009","1","0","1"],["4.013","20","0","1"],["4.018","80","0","1"],["4.019","1","0","1"],["4.02","80","0","3"],["4.022","1800","0","1"],["4.024","50","0","2"],["4.029","1","0","1"],["4.03","100","0","1"],["4.036","60","0","1"],["4.039","1","0","1"]],"bids":[["3.645","5885","0","6"],["3.644","591","0","4"],["3.643","9033","0","7"],["3.642","3148","0","7"],["3.641","463","0","6"],["3.64","53","0","4"],["3.639","3636","0","10"],["3.638","1358","0","7"],["3.637","10901","0","2"],["3.636","410","0","2"],["3.635","903","0","2"],["3.634","893","0","5"],["3.633","343","0","1"],["3.632","1488","0","2"],["3.631","3310","0","7"],["3.63","3149","0","2"],["3.629","13096","0","6"],["3.627","297","0","2"],["3.626","3","0","1"],["3.624","7964","0","2"],["3.623","150","0","1"],["3.622","700","0","2"],["3.621","700","0","1"],["3.62","1","0","1"],["3.615","6000","0","1"],["3.614","6536","0","1"],["3.612","1214","0","5"],["3.61","66","0","1"],["3.609","80","0","1"],["3.606","3788","0","2"],["3.605","3","0","1"],["3.603","801","0","4"],["3.601","500","0","1"],["3.6","5152","0","8"],["3.599","18886","0","1"],["3.597","138","0","3"],["3.596","1179","0","1"],["3.595","2","0","1"],["3.594","2","0","1"],["3.592","2","0","1"],["3.59","52","0","3"],["3.589","4010","0","6"],["3.588","13","0","3"],["3.586","88","0","3"],["3.585","1","0","1"],["3.583","538","0","3"],["3.58","3918","0","7"],["3.579","9","0","3"],["3.578","20","0","1"],["3.577","181","0","2"],["3.576","111","0","3"],["3.575","6","0","2"],["3.573","159","0","4"],["3.572","207","0","4"],["3.571","3","0","1"],["3.57","10","0","1"],["3.569","327","0","3"],["3.567","4","0","2"],["3.566","28","0","2"],["3.563","4","0","2"],["3.562","53","0","3"],["3.56","18","0","2"],["3.558","1","0","1"],["3.557","4","0","1"],["3.556","400","0","1"],["3.555","2354","0","14"],["3.552","600","0","2"],["3.55","2443","0","5"],["3.549","2626","0","2"],["3.548","477","0","2"],["3.54","2","0","2"],["3.535","300","0","1"],["3.533","120","0","2"],["3.531","1","0","1"],["3.53","10","0","1"],["3.526","40","0","2"],["3.525","18","0","1"],["3.523","1","0","1"],["3.521","233","0","2"],["3.52","767","0","5"],["3.519","10","0","1"],["3.515","30","0","1"],["3.513","1","0","1"],["3.512","650","0","2"],["3.511","3520","0","2"],["3.508","100","0","1"],["3.505","411","0","4"],["3.5","601","0","17"],["3.499","15","0","1"],["3.498","145","0","4"],["3.496","61","0","5"],["3.495","61","0","4"],["3.494","30","0","2"],["3.491","199","0","2"],["3.49","250","0","2"],["3.489","30","0","2"],["3.488","62","0","4"],["3.487","16","0","2"],["3.486","300","0","1"],["3.485","252","0","2"],["3.484","2131","0","9"],["3.483","17","0","2"],["3.482","1","0","1"],["3.48","3612","0","5"],["3.477","16","0","2"],["3.476","1685","0","2"],["3.475","16","0","2"],["3.474","35","0","1"],["3.473","6155","0","2"],["3.471","80","0","2"],["3.47","2280","0","5"],["3.469","16712","0","5"],["3.468","5","0","1"],["3.467","15","0","1"],["3.466","4298","0","1"],["3.465","5","0","1"],["3.464","4300","0","2"],["3.46","66","0","3"],["3.459","1","0","1"],["3.458","275","0","2"],["3.456","651","0","4"],["3.455","125","0","3"],["3.453","1","0","1"],["3.451","500","0","1"],["3.45","7771","0","13"],["3.448","1","0","1"],["3.443","20","0","1"],["3.441","1","0","1"],["3.44","193","0","4"],["3.437","3","0","1"],["3.436","2","0","2"],["3.433","1","0","1"],["3.432","1","0","1"],["3.431","1","0","1"],["3.43","1","0","1"],["3.429","2","0","2"],["3.423","1","0","1"],["3.422","1200","0","2"],["3.42","3","0","3"],["3.419","1","0","1"],["3.415","1299","0","2"],["3.414","100","0","1"],["3.412","2534","0","12"],["3.411","50","0","1"],["3.41","11","0","2"],["3.409","300","0","1"],["3.406","80","0","2"],["3.405","2894","0","3"],["3.402","71","0","3"],["3.401","201","0","5"],["3.4","6100","0","25"],["3.398","100","0","1"],["3.397","1","0","1"],["3.395","200","0","1"],["3.393","1521","0","1"],["3.391","67","0","1"],["3.39","26","0","5"],["3.389","10","0","1"],["3.388","2","0","1"],["3.387","30","0","1"],["3.385","373","0","2"],["3.384","460","0","4"],["3.382","10","0","1"],["3.381","169","0","1"],["3.38","1328","0","9"],["3.379","101","0","2"],["3.378","101","0","2"],["3.374","59","0","2"],["3.373","6","0","1"],["3.37","2","0","2"],["3.369","200","0","1"],["3.366","31","0","2"],["3.361","169","0","2"],["3.36","26","0","5"],["3.359","10","0","1"],["3.356","200","0","1"],["3.353","20","0","1"],["3.352","1005","0","1"],["3.351","3","0","3"],["3.35","1534","0","16"],["3.345","101","0","2"],["3.344","192","0","1"],["3.343","1","0","1"],["3.341","554","0","6"],["3.34","22","0","3"],["3.339","7","0","1"],["3.335","514","0","2"],["3.333","914","0","6"],["3.331","3","0","1"],["3.33","74","0","4"],["3.328","1","0","1"],["3.327","200","0","1"],["3.325","1","0","1"],["3.324","200","0","1"],["3.323","1000","0","1"],["3.322","1","0","1"],["3.321","1","0","1"],["3.32","134","0","6"],["3.319","1","0","1"],["3.317","131","0","3"]],"timestamp":"2019-08-23T02:11:22.033Z","checksum":520144209}]}
2019-08-23T02:11:22.709Z {"table":"swap/depth","action":"update","data":[{"instrument_id":"EOS-USD-SWAP","asks":[["3.646","5170","0","24"],["3.648","91","0","4"],["3.652","3072","0","8"],["3.653","993","0","5"]],"bids":[["3.644","676","0","5"],["3.643","8947","0","6"]],"timestamp":"2019-08-23T02:11:22.398Z","checksum":-202682975}]}
2019-08-23T02:11:22.713Z {"table":"swap/depth","action":"partial","data":[{"instrument_id":"EOS-USD-SWAP","asks":[["3.646","5170","0","23"],["3.647","6781","0","11"],["3.648","91","0","4"],["3.649","236","0","7"],["3.65","2326","0","7"],["3.651","3524","0","8"],["3.652","3072","0","10"],["3.653","993","0","4"],["3.654","5","0","1"],["3.655","1553","0","5"],["3.656","798","0","3"],["3.657","5311","0","7"],["3.658","1931","0","6"],["3.659","3760","0","3"],["3.66","300","0","1"],["3.661","7","0","2"],["3.662","714","0","2"],["3.663","9470","0","4"],["3.664","10803","0","5"],["3.666","9268","0","4"],["3.668","5","0","1"],["3.669","3837","0","2"],["3.67","660","0","3"],["3.671","700","0","1"],["3.672","8","0","1"],["3.673","68","0","1"],["3.675","1178","0","1"],["3.676","7026","0","2"],["3.677","50","0","1"],["3.678","6000","0","1"],["3.679","7908","0","1"],["3.68","9","0","2"],["3.681","16","0","2"],["3.682","24","0","3"],["3.683","13","0","2"],["3.684","120","0","2"],["3.685","36","0","3"],["3.686","8","0","1"],["3.688","100","0","1"],["3.689","732","0","5"],["3.691","1","0","1"],["3.693","292","0","3"],["3.694","100","0","1"],["3.696","16","0","2"],["3.697","1122","0","4"],["3.698","58","0","2"],["3.699","538","0","3"],["3.7","476","0","6"],["3.704","1000","0","1"],["3.707","1205","0","1"],["3.708","3006","0","3"],["3.709","2626","0","2"],["3.71","6","0","3"],["3.711","265","0","3"],["3.713","60","0","2"],["3.714","9","0","1"],["3.715","42","0","3"],["3.719","2","0","2"],["3.72","39","0","3"],["3.721","4","0","1"],["3.725","265","0","5"],["3.727","220","0","2"],["3.728","15","0","1"],["3.729","1","0","1"],["3.73","255","0","2"],["3.734","3","0","1"],["3.735","600","0","2"],["3.736","3540","0","2"],["3.737","13","0","2"],["3.739","2","0","2"],["3.74","766","0","6"],["3.741","11","0","1"],["3.742","112","0","1"],["3.746","50","0","1"],["3.747","2112","0","4"],["3.748","6","0","1"],["3.749","1168","0","2"],["3.75","2371","0","16"],["3.751","6","0","1"],["3.752","106","0","2"],["3.753","12","0","2"],["3.754","8","0","1"],["3.755","300","0","1"],["3.758","60","0","1"],["3.759","55","0","6"],["3.76","1015","0","4"],["3.761","18","0","3"],["3.762","6","0","1"],["3.763","6137","0","3"],["3.764","12","0","2"],["3.766","23","0","2"],["3.768","759","0","7"],["3.769","1000","0","1"],["3.77","120","0","2"],["3.772","1","0","1"],["3.774","305","0","1"],["3.775","33","0","2"],["3.779","13","0","2"],["3.78","663","0","7"],["3.782","310","0","3"],["3.785","360","0","2"],["3.787","2000","0","1"],["3.788","251","0","3"],["3.789","500","0","1"],["3.79","370","0","4"],["3.793","3","0","1"],["3.794","45","0","2"],["3.795","90","0","2"],["3.798","2358","0","2"],["3.799","147","0","8"],["3.8","1974","0","16"],["3.806","10","0","1"],["3.808","18","0","1"],["3.81","682","0","4"],["3.811","169","0","4"],["3.817","13","0","1"],["3.819","51","0","2"],["3.82","512","0","4"],["3.822","500","0","1"],["3.825","20","0","2"],["3.826","191","0","1"],["3.83","502","0","2"],["3.832","1500","0","1"],["3.835","1","0","1"],["3.836","20","0","1"],["3.838","1","0","1"],["3.839","323","0","4"],["3.84","1","0","1"],["3.845","1922","0","1"],["3.846","125","0","2"],["3.85","1370","0","11"],["3.852","30","0","1"],["3.853","1","0","1"],["3.855","14","0","1"],["3.858","50","0","1"],["3.859","1","0","1"],["3.86","14","0","3"],["3.863","222","0","1"],["3.866","70","0","2"],["3.868","7","0","1"],["3.87","20","0","1"],["3.874","11","0","2"],["3.877","35","0","1"],["3.879","1","0","1"],["3.88","702","0","8"],["3.888","40","0","1"],["3.892","60","0","1"],["3.894","15","0","1"],["3.899","704","0","4"],["3.9","92","0","7"],["3.907","176","0","2"],["3.908","20","0","1"],["3.91","202","0","4"],["3.911","400","0","1"],["3.912","20","0","1"],["3.917","25","0","1"],["3.919","1","0","1"],["3.92","1","0","1"],["3.927","20","0","1"],["3.93","117","0","1"],["3.932","1","0","1"],["3.933","26","0","2"],["3.935","10","0","1"],["3.937","27","0","1"],["3.939","1","0","1"],["3.94","1","0","1"],["3.943","200","0","1"],["3.95","173","0","5"],["3.952","102","0","3"],["3.959","101","0","2"],["3.96","2","0","2"],["3.961","70","0","1"],["3.969","1","0","1"],["3.97","21","0","2"],["3.973","18","0","1"],["3.974","20","0","1"],["3.979","1","0","1"],["3.98","11","0","2"],["3.981","1008","0","3"],["3.988","20","0","1"],["3.99","1","0","1"],["3.991","25","0","1"],["3.995","4799","0","1"],["3.996","1","0","1"],["3.999","12","0","3"],["4","72921","0","15"],["4.003","216","0","2"],["4.005","19","0","2"],["4.008","32","0","1"],["4.009","1","0","1"],["4.013","20","0","1"],["4.018","80","0","1"],["4.019","1","0","1"],["4.02","80","0","3"],["4.022","1800","0","1"],["4.024","50","0","2"],["4.029","1","0","1"],["4.03","100","0","1"],["4.036","60","0","1"],["4.039","1","0","1"]],"bids":[["3.645","5885","0","6"],["3.644","676","0","4"],["3.643","8947","0","7"],["3.642","3148","0","7"],["3.641","463","0","6"],["3.64","53","0","4"],["3.639","3636","0","10"],["3.638","1358","0","7"],["3.637","10901","0","2"],["3.636","410","0","2"],["3.635","903","0","2"],["3.634","893","0","5"],["3.633","343","0","1"],["3.632","1488","0","2"],["3.631","3310","0","7"],["3.63","3149","0","2"],["3.629","13096","0","6"],["3.627","297","0","2"],["3.626","3","0","1"],["3.624","7964","0","2"],["3.623","150","0","1"],["3.622","700","0","2"],["3.621","700","0","1"],["3.62","1","0","1"],["3.615","6000","0","1"],["3.614","6536","0","1"],["3.612","1214","0","5"],["3.61","66","0","1"],["3.609","80","0","1"],["3.606","3788","0","2"],["3.605","3","0","1"],["3.603","801","0","4"],["3.601","500","0","1"],["3.6","5152","0","8"],["3.599","18886","0","1"],["3.597","138","0","3"],["3.596","1179","0","1"],["3.595","2","0","1"],["3.594","2","0","1"],["3.592","2","0","1"],["3.59","52","0","3"],["3.589","4010","0","6"],["3.588","13","0","3"],["3.586","88","0","3"],["3.585","1","0","1"],["3.583","538","0","3"],["3.58","3918","0","7"],["3.579","9","0","3"],["3.578","20","0","1"],["3.577","181","0","2"],["3.576","111","0","3"],["3.575","6","0","2"],["3.573","159","0","4"],["3.572","207","0","4"],["3.571","3","0","1"],["3.57","10","0","1"],["3.569","327","0","3"],["3.567","4","0","2"],["3.566","28","0","2"],["3.563","4","0","2"],["3.562","53","0","3"],["3.56","18","0","2"],["3.558","1","0","1"],["3.557","4","0","1"],["3.556","400","0","1"],["3.555","2354","0","14"],["3.552","600","0","2"],["3.55","2443","0","5"],["3.549","2626","0","2"],["3.548","477","0","2"],["3.54","2","0","2"],["3.535","300","0","1"],["3.533","120","0","2"],["3.531","1","0","1"],["3.53","10","0","1"],["3.526","40","0","2"],["3.525","18","0","1"],["3.523","1","0","1"],["3.521","233","0","2"],["3.52","767","0","5"],["3.519","10","0","1"],["3.515","30","0","1"],["3.513","1","0","1"],["3.512","650","0","2"],["3.511","3520","0","2"],["3.508","100","0","1"],["3.505","411","0","4"],["3.5","601","0","17"],["3.499","15","0","1"],["3.498","145","0","4"],["3.496","61","0","5"],["3.495","61","0","4"],["3.494","30","0","2"],["3.491","199","0","2"],["3.49","250","0","2"],["3.489","30","0","2"],["3.488","62","0","4"],["3.487","16","0","2"],["3.486","300","0","1"],["3.485","252","0","2"],["3.484","2131","0","9"],["3.483","17","0","2"],["3.482","1","0","1"],["3.48","3612","0","5"],["3.477","16","0","2"],["3.476","1685","0","2"],["3.475","16","0","2"],["3.474","35","0","1"],["3.473","6155","0","2"],["3.471","80","0","2"],["3.47","2280","0","5"],["3.469","16712","0","5"],["3.468","5","0","1"],["3.467","15","0","1"],["3.466","4298","0","1"],["3.465","5","0","1"],["3.464","4300","0","2"],["3.46","66","0","3"],["3.459","1","0","1"],["3.458","275","0","2"],["3.456","651","0","4"],["3.455","125","0","3"],["3.453","1","0","1"],["3.451","500","0","1"],["3.45","7771","0","13"],["3.448","1","0","1"],["3.443","20","0","1"],["3.441","1","0","1"],["3.44","193","0","4"],["3.437","3","0","1"],["3.436","2","0","2"],["3.433","1","0","1"],["3.432","1","0","1"],["3.431","1","0","1"],["3.43","1","0","1"],["3.429","2","0","2"],["3.423","1","0","1"],["3.422","1200","0","2"],["3.42","3","0","3"],["3.419","1","0","1"],["3.415","1299","0","2"],["3.414","100","0","1"],["3.412","2534","0","12"],["3.411","50","0","1"],["3.41","11","0","2"],["3.409","300","0","1"],["3.406","80","0","2"],["3.405","2894","0","3"],["3.402","71","0","3"],["3.401","201","0","5"],["3.4","6100","0","25"],["3.398","100","0","1"],["3.397","1","0","1"],["3.395","200","0","1"],["3.393","1521","0","1"],["3.391","67","0","1"],["3.39","26","0","5"],["3.389","10","0","1"],["3.388","2","0","1"],["3.387","30","0","1"],["3.385","373","0","2"],["3.384","460","0","4"],["3.382","10","0","1"],["3.381","169","0","1"],["3.38","1328","0","9"],["3.379","101","0","2"],["3.378","101","0","2"],["3.374","59","0","2"],["3.373","6","0","1"],["3.37","2","0","2"],["3.369","200","0","1"],["3.366","31","0","2"],["3.361","169","0","2"],["3.36","26","0","5"],["3.359","10","0","1"],["3.356","200","0","1"],["3.353","20","0","1"],["3.352","1005","0","1"],["3.351","3","0","3"],["3.35","1534","0","16"],["3.345","101","0","2"],["3.344","192","0","1"],["3.343","1","0","1"],["3.341","554","0","6"],["3.34","22","0","3"],["3.339","7","0","1"],["3.335","514","0","2"],["3.333","914","0","6"],["3.331","3","0","1"],["3.33","74","0","4"],["3.328","1","0","1"],["3.327","200","0","1"],["3.325","1","0","1"],["3.324","200","0","1"],["3.323","1000","0","1"],["3.322","1","0","1"],["3.321","1","0","1"],["3.32","134","0","6"],["3.319","1","0","1"],["3.317","131","0","3"]],"timestamp":"2019-08-23T02:11:22.398Z","checksum":-202682975}]}
2019-08-23T02:11:23.026Z {"table":"swap/depth","action":"update","data":[{"instrument_id":"EOS-USD-SWAP","asks":[["3.647","6819","0","10"],["3.648","54","0","3"],["3.649","162","0","5"],["3.65","2289","0","6"],["3.651","3464","0","7"],["3.652","3127","0","8"],["3.653","908","0","4"]],"bids":[["3.645","5910","0","9"],["3.644","5","0","3"],["3.643","8921","0","4"],["3.641","389","0","5"],["3.64","16","0","2"],["3.639","3576","0","9"],["3.636","330","0","2"]],"timestamp":"2019-08-23T02:11:22.979Z","checksum":-1387823545}]}
2019-08-23T02:11:23.036Z {"table":"swap/depth","action":"partial","data":[{"instrument_id":"EOS-USD-SWAP","asks":[["3.646","5170","0","23"],["3.647","6819","0","11"],["3.648","54","0","4"],["3.649","162","0","7"],["3.65","2289","0","7"],["3.651","3464","0","8"],["3.652","3127","0","10"],["3.653","908","0","4"],["3.654","5","0","1"],["3.655","1553","0","5"],["3.656","798","0","3"],["3.657","5311","0","7"],["3.658","1931","0","6"],["3.659","3760","0","3"],["3.66","300","0","1"],["3.661","7","0","2"],["3.662","714","0","2"],["3.663","9470","0","4"],["3.664","10803","0","5"],["3.666","9268","0","4"],["3.668","5","0","1"],["3.669","3837","0","2"],["3.67","660","0","3"],["3.671","700","0","1"],["3.672","8","0","1"],["3.673","68","0","1"],["3.675","1178","0","1"],["3.676","7026","0","2"],["3.677","50","0","1"],["3.678","6000","0","1"],["3.679","7908","0","1"],["3.68","9","0","2"],["3.681","16","0","2"],["3.682","24","0","3"],["3.683","13","0","2"],["3.684","120","0","2"],["3.685","36","0","3"],["3.686","8","0","1"],["3.688","100","0","1"],["3.689","732","0","5"],["3.691","1","0","1"],["3.693","292","0","3"],["3.694","100","0","1"],["3.696","16","0","2"],["3.697","1122","0","4"],["3.698","58","0","2"],["3.699","538","0","3"],["3.7","476","0","6"],["3.704","1000","0","1"],["3.707","1205","0","1"],["3.708","3006","0","3"],["3.709","2626","0","2"],["3.71","6","0","3"],["3.711","265","0","3"],["3.713","60","0","2"],["3.714","9","0","1"],["3.715","42","0","3"],["3.719","2","0","2"],["3.72","39","0","3"],["3.721","4","0","1"],["3.725","265","0","5"],["3.727","220","0","2"],["3.728","15","0","1"],["3.729","1","0","1"],["3.73","255","0","2"],["3.734","3","0","1"],["3.735","600","0","2"],["3.736","3540","0","2"],["3.737","13","0","2"],["3.739","2","0","2"],["3.74","766","0","6"],["3.741","11","0","1"],["3.742","112","0","1"],["3.746","50","0","1"],["3.747","2112","0","4"],["3.748","6","0","1"],["3.749","1168","0","2"],["3.75","2371","0","16"],["3.751","6","0","1"],["3.752","106","0","2"],["3.753","12","0","2"],["3.754","8","0","1"],["3.755","300","0","1"],["3.758","60","0","1"],["3.759","55","0","6"],["3.76","1015","0","4"],["3.761","18","0","3"],["3.762","6","0","1"],["3.763","6137","0","3"],["3.764","12","0","2"],["3.766","23","0","2"],["3.768","759","0","7"],["3.769","1000","0","1"],["3.77","120","0","2"],["3.772","1","0","1"],["3.774","305","0","1"],["3.775","33","0","2"],["3.779","13","0","2"],["3.78","663","0","7"],["3.782","310","0","3"],["3.785","360","0","2"],["3.787","2000","0","1"],["3.788","251","0","3"],["3.789","500","0","1"],["3.79","370","0","4"],["3.793","3","0","1"],["3.794","45","0","2"],["3.795","90","0","2"],["3.798","2358","0","2"],["3.799","147","0","8"],["3.8","1974","0","16"],["3.806","10","0","1"],["3.808","18","0","1"],["3.81","682","0","4"],["3.811","169","0","4"],["3.817","13","0","1"],["3.819","51","0","2"],["3.82","512","0","4"],["3.822","500","0","1"],["3.825","20","0","2"],["3.826","191","0","1"],["3.83","502","0","2"],["3.832","1500","0","1"],["3.835","1","0","1"],["3.836","20","0","1"],["3.838","1","0","1"],["3.839","323","0","4"],["3.84","1","0","1"],["3.845","1922","0","1"],["3.846","125","0","2"],["3.85","1370","0","11"],["3.852","30","0","1"],["3.853","1","0","1"],["3.855","14","0","1"],["3.858","50","0","1"],["3.859","1","0","1"],["3.86","14","0","3"],["3.863","222","0","1"],["3.866","70","0","2"],["3.868","7","0","1"],["3.87","20","0","1"],["3.874","11","0","2"],["3.877","35","0","1"],["3.879","1","0","1"],["3.88","702","0","8"],["3.888","40","0","1"],["3.892","60","0","1"],["3.894","15","0","1"],["3.899","704","0","4"],["3.9","92","0","7"],["3.907","176","0","2"],["3.908","20","0","1"],["3.91","202","0","4"],["3.911","400","0","1"],["3.912","20","0","1"],["3.917","25","0","1"],["3.919","1","0","1"],["3.92","1","0","1"],["3.927","20","0","1"],["3.93","117","0","1"],["3.932","1","0","1"],["3.933","26","0","2"],["3.935","10","0","1"],["3.937","27","0","1"],["3.939","1","0","1"],["3.94","1","0","1"],["3.943","200","0","1"],["3.95","173","0","5"],["3.952","102","0","3"],["3.959","101","0","2"],["3.96","2","0","2"],["3.961","70","0","1"],["3.969","1","0","1"],["3.97","21","0","2"],["3.973","18","0","1"],["3.974","20","0","1"],["3.979","1","0","1"],["3.98","11","0","2"],["3.981","1008","0","3"],["3.988","20","0","1"],["3.99","1","0","1"],["3.991","25","0","1"],["3.995","4799","0","1"],["3.996","1","0","1"],["3.999","12","0","3"],["4","72921","0","15"],["4.003","216","0","2"],["4.005","19","0","2"],["4.008","32","0","1"],["4.009","1","0","1"],["4.013","20","0","1"],["4.018","80","0","1"],["4.019","1","0","1"],["4.02","80","0","3"],["4.022","1800","0","1"],["4.024","50","0","2"],["4.029","1","0","1"],["4.03","100","0","1"],["4.036","60","0","1"],["4.039","1","0","1"]],"bids":[["3.645","5910","0","6"],["3.644","5","0","4"],["3.643","8921","0","7"],["3.642","3148","0","7"],["3.641","389","0","6"],["3.64","16","0","4"],["3.639","3576","0","10"],["3.638","1358","0","7"],["3.637","10901","0","2"],["3.636","330","0","2"],["3.635","903","0","2"],["3.634","893","0","5"],["3.633","343","0","1"],["3.632","1488","0","2"],["3.631","3310","0","7"],["3.63","3149","0","2"],["3.629","13096","0","6"],["3.627","297","0","2"],["3.626","3","0","1"],["3.624","7964","0","2"],["3.623","150","0","1"],["3.622","700","0","2"],["3.621","700","0","1"],["3.62","1","0","1"],["3.615","6000","0","1"],["3.614","6536","0","1"],["3.612","1214","0","5"],["3.61","66","0","1"],["3.609","80","0","1"],["3.606","3788","0","2"],["3.605","3","0","1"],["3.603","801","0","4"],["3.601","500","0","1"],["3.6","5152","0","8"],["3.599","18886","0","1"],["3.597","138","0","3"],["3.596","1179","0","1"],["3.595","2","0","1"],["3.594","2","0","1"],["3.592","2","0","1"],["3.59","52","0","3"],["3.589","4010","0","6"],["3.588","13","0","3"],["3.586","88","0","3"],["3.585","1","0","1"],["3.583","538","0","3"],["3.58","3918","0","7"],["3.579","9","0","3"],["3.578","20","0","1"],["3.577","181","0","2"],["3.576","111","0","3"],["3.575","6","0","2"],["3.573","159","0","4"],["3.572","207","0","4"],["3.571","3","0","1"],["3.57","10","0","1"],["3.569","327","0","3"],["3.567","4","0","2"],["3.566","28","0","2"],["3.563","4","0","2"],["3.562","53","0","3"],["3.56","18","0","2"],["3.558","1","0","1"],["3.557","4","0","1"],["3.556","400","0","1"],["3.555","2354","0","14"],["3.552","600","0","2"],["3.55","2443","0","5"],["3.549","2626","0","2"],["3.548","477","0","2"],["3.54","2","0","2"],["3.535","300","0","1"],["3.533","120","0","2"],["3.531","1","0","1"],["3.53","10","0","1"],["3.526","40","0","2"],["3.525","18","0","1"],["3.523","1","0","1"],["3.521","233","0","2"],["3.52","767","0","5"],["3.519","10","0","1"],["3.515","30","0","1"],["3.513","1","0","1"],["3.512","650","0","2"],["3.511","3520","0","2"],["3.508","100","0","1"],["3.505","411","0","4"],["3.5","601","0","17"],["3.499","15","0","1"],["3.498","145","0","4"],["3.496","61","0","5"],["3.495","61","0","4"],["3.494","30","0","2"],["3.491","199","0","2"],["3.49","250","0","2"],["3.489","30","0","2"],["3.488","62","0","4"],["3.487","16","0","2"],["3.486","300","0","1"],["3.485","252","0","2"],["3.484","2131","0","9"],["3.483","17","0","2"],["3.482","1","0","1"],["3.48","3612","0","5"],["3.477","16","0","2"],["3.476","1685","0","2"],["3.475","16","0","2"],["3.474","35","0","1"],["3.473","6155","0","2"],["3.471","80","0","2"],["3.47","2280","0","5"],["3.469","16712","0","5"],["3.468","5","0","1"],["3.467","15","0","1"],["3.466","4298","0","1"],["3.465","5","0","1"],["3.464","4300","0","2"],["3.46","66","0","3"],["3.459","1","0","1"],["3.458","275","0","2"],["3.456","651","0","4"],["3.455","125","0","3"],["3.453","1","0","1"],["3.451","500","0","1"],["3.45","7771","0","13"],["3.448","1","0","1"],["3.443","20","0","1"],["3.441","1","0","1"],["3.44","193","0","4"],["3.437","3","0","1"],["3.436","2","0","2"],["3.433","1","0","1"],["3.432","1","0","1"],["3.431","1","0","1"],["3.43","1","0","1"],["3.429","2","0","2"],["3.423","1","0","1"],["3.422","1200","0","2"],["3.42","3","0","3"],["3.419","1","0","1"],["3.415","1299","0","2"],["3.414","100","0","1"],["3.412","2534","0","12"],["3.411","50","0","1"],["3.41","11","0","2"],["3.409","300","0","1"],["3.406","80","0","2"],["3.405","2894","0","3"],["3.402","71","0","3"],["3.401","201","0","5"],["3.4","6100","0","25"],["3.398","100","0","1"],["3.397","1","0","1"],["3.395","200","0","1"],["3.393","1521","0","1"],["3.391","67","0","1"],["3.39","26","0","5"],["3.389","10","0","1"],["3.388","2","0","1"],["3.387","30","0","1"],["3.385","373","0","2"],["3.384","460","0","4"],["3.382","10","0","1"],["3.381","169","0","1"],["3.38","1328","0","9"],["3.379","101","0","2"],["3.378","101","0","2"],["3.374","59","0","2"],["3.373","6","0","1"],["3.37","2","0","2"],["3.369","200","0","1"],["3.366","31","0","2"],["3.361","169","0","2"],["3.36","26","0","5"],["3.359","10","0","1"],["3.356","200","0","1"],["3.353","20","0","1"],["3.352","1005","0","1"],["3.351","3","0","3"],["3.35","1534","0","16"],["3.345","101","0","2"],["3.344","192","0","1"],["3.343","1","0","1"],["3.341","554","0","6"],["3.34","22","0","3"],["3.339","7","0","1"],["3.335","514","0","2"],["3.333","914","0","6"],["3.331","3","0","1"],["3.33","74","0","4"],["3.328","1","0","1"],["3.327","200","0","1"],["3.325","1","0","1"],["3.324","200","0","1"],["3.323","1000","0","1"],["3.322","1","0","1"],["3.321","1","0","1"],["3.32","134","0","6"],["3.319","1","0","1"],["3.317","131","0","3"]],"timestamp":"2019-08-23T02:11:22.979Z","checksum":-1387823545}]}
2019-08-23T02:11:23.377Z {"table":"swap/depth","action":"update","data":[{"instrument_id":"EOS-USD-SWAP","asks":[["3.648","91","0","4"],["3.649","236","0","7"],["3.65","2326","0","7"],["3.652","3187","0","10"],["3.653","938","0","5"]],"bids":[["3.645","5885","0","6"],["3.643","9032","0","7"],["3.642","3222","0","7"],["3.64","53","0","3"],["3.639","3636","0","11"]],"timestamp":"2019-08-23T02:11:23.318Z","checksum":-1260796090}]}
